3130 5206
522 453 538 462 -
611 413 739 482 §tn-

256 607 293 673 td
317 615 359 691 γᾶ
383 615 432 695 γᾶ,
458 610 532 676 εἴθε
555 604 702 697 μ’ἐδέξω,

255 719 338 802 πρὶν
360 712 450 783 τόνδ’
474 717 601 784 ἐπιδεῖν
624 715 857 805 ἀργυροτοίχου

255 827 381 911 δροίτης
405 833 584 906 κατέχοντα
607 825 782 913 papedorp.

254 937 302 1005 τίς
326 930 343 996 ὁ
368 931 495 1016 θάψων
519 958 585 1016 νιν;
610 939 658 1007 τίς
681 930 698 998 ὁ
723 933 911 1022 &pectinatam

254 1031 275 1125 ἢ
298 1036 335 1104 οδ
359 1036 428 1106 τόδ’
453 1039 544 1126 ἔρξαι
567 1039 676 1130 τλήσῃ,
702 1039 844 1108 κτείνασ’

251 1146 356 1235 ἄνδρα
379 1147 439 1212 τὸν
463 1146 560 1234 αὐτῆς
584 1143 799 1216 ἀποκωκῦσαι

248 1261 338 1343 ψυχῇ
361 1253 510 1342 τ’ἅχαριν
534 1255 632 1342 χάριν
655 1251 728 1321 ἄνι’
752 1256 854 1342 ἔργων

246 1360 395 1444 μεγάλων
419 1360 534 1437 οἷδίκως
557 1363 749 1449 donandorum

349 1475 396 1544 τίς
421 1466 643 1554 δ’ἐπιιύμβιος
667 1463 756 1544 αἶνος
780 1468 834 1535 ἐπ’
857 1465 954 1557 οἷνδρὶ
977 1477 1060 1560 θείῳ

247 1575 307 1640 σδν
331 1576 483 1663 δακρύοις
505 1576 634 1644 ἰάπτων

220 1720 222 1726 .
245 1677 387 1772 ἀληθείᾳ
410 1691 538 1770 φρενδιν
562 1683 716 1772 mondoum

51 1795 410 1877 contemnentibus,
436 1796 585 1875 quisnam
610 1815 722 1875 regem
749 1798 814 1861 rite
838 1805 933 1862 terra
957 1797 1152 1863 conditurus
1181 1806 1215 1863 et

49 1900 233 1974 plancturus
258 1903 313 1979 sit,
332 1903 578 1983 Clytaemestra
603 1906 846 1980 contumaciter
869 1903 1061 1983 respondet,
1086 1924 1126 1968 ne
1151 1906 1213 1985 reip

48 2024 119 2082 quae
142 2008 183 2072 ad
209 2010 301 2086 ipsos
319 2011 404 2074 nihil
422 2012 600 2089 pertineat,
619 2029 731 2076 curam
751 2012 912 2096 habeant3
937 2030 973 2075 se
998 2013 1104 2090 ipsam
1127 2011 1213 2090 quod

47 2131 118 2196 opus
141 2117 187 2186 sit
210 2115 373 2182 facturam
399 2120 471 2182 siue
497 2119 648 2184 lacrimis
674 2120 978 2203 contubernalium
1002 2119 1212 2198 Iphigeniam

47 2221 193 2287 videlicet
229 2232 357 2302 patrem
395 2225 482 2304 apud
518 2225 643 2291 inferos
679 2227 800 2292 laetam
837 2233 1047 2305 accepturam
1080 2244 1155 2290 esse
1180 2234 1215 2290 et

47 2330 269 2406 amplexuram.
317 2332 462 2397 Eaedem
496 2342 605 2398 autem
631 2342 744 2411 partes
773 2335 802 2398 si
826 2340 904 2411 post
927 2333 1169 2411 antistropham
1196 2352 1212 2394 a

47 2438 129 2510 quasi
165 2439 378 2519 ephymnium
413 2449 623 2522 repetuntur,
660 2441 807 2520 ineptum
844 2448 906 2519 est,
933 2439 1020 2519 quod
1045 2440 1166 2504 chorus
1191 2460 1238 2504 a·

46 2545 151 2622 regina
188 2546 281 2611 modo
318 2549 445 2612 vetitus
480 2557 591 2613 tamen
633 2549 753 2613 iterum
790 2547 830 2612 de
875 2546 1066 2626 sepeliendo
1110 2555 1210 2626 atque

46 2653 219 2734 plangendo
253 2656 498 2733 Agamemnone
531 2656 680 2747 quaerit3
721 2655 879 2737 ineptius
916 2654 1002 2733 quod
1038 2673 1057 2718 a
1087 2655 1210 2734 regina

45 2762 253 2838 respondente
286 2761 319 2826 id
354 2763 485 2827 omnino
509 2763 722 2843 neglegitur,
748 2781 818 2826 cum
845 2749 886 2826 eir
910 2761 1024 2840 priore
1049 2779 1209 2840 responso

45 2867 123 2960 iure
144 2877 374 2948 exspectemus
410 2869 483 2934 foro
520 2877 556 2934 ut
591 2871 806 2935 vehementer
847 2876 985 2948 propter
1031 2869 1209 2946 repetitam

47 2985 151 3040 contra
175 2978 281 3056 ipsius
298 2975 504 3042 voluntatem
521 2977 823 3055 interrogationem
840 2975 1017 3056 irascatur,
1043 2994 1114 3040 cum
1137 2993 1206 3040 eam

44 3089 130 3147 antea
164 3093 230 3149 tam
268 3085 421 3163 graviter
457 3084 696 3163 castigaverit3
744 3083 998 3160 ineptissimum,
1046 3081 1133 3161 quod
1169 3101 1209 3146 ea

44 3191 142 3270 {tergit
177 3211 263 3256 nuuc
299 3199 424 3256 rectum
467 3191 668 3257 vaticinium
705 3190 841 3253 chorum
888 3188 1159 3268 pronuntiavisse
1172 3185 1207 3274 ¹).

44 3291 120 3374 Quas
145 3297 345 3363 offensiones
370 3305 479 3362 tamen
506 3298 727 3364 Wilamowitz
753 3296 887 3362 videtur
911 3315 949 3360 eo
974 3297 1095 3377 vitare,
1120 3298 1207 3375 quod

44 3405 285 3485 antisystemate
299 3405 346 3469 Vl
376 3406 527 3485 reginam
549 3412 676 3469 mutato
698 3404 799 3469 animi
821 3403 959 3466 consilio
972 3402 1013 3467 ad
1026 3404 1205 3481 repetitam

43 3507 74 3572 de
107 3512 295 3591 sepeliendo
324 3512 584 3592 plangendoque'
620 3529 702 3589 rege
738 3511 966 3589 quaestionem
1001 3510 1204 3588 respondere

43 3626 135 3689 pmat.
184 3621 296 3685 Vertit
321 3620 407 3685 euim
433 3621 557 3698 primos
582 3620 653 3683 eius
678 3637 810 3684 versus:

209 3728 330 3809 „Diese
355 3728 525 3807 Mahnuug
548 3731 624 3791 kam
650 3735 861 3791 austrenum
885 3725 1027 3789 Herzen.
1085 3715 1086 3718 ’

206 3836 265 3900 Ich
290 3836 493 3914 verspreche
518 3835 622 3899 selbst
646 3833 742 3899 daliir
767 3852 807 3897 zu
833 3831 983 3911 sorgen.“

43 3935 95 4002 Sed
131 3961 194 4021 quo
246 3944 319 4008 iure
359 3961 409 4023 ea,
456 3961 540 4021 quae
580 3941 752 4023 ephymnio
793 3947 1015 4019 exponuntur,
1062 3935 1203 4021 κρησμίς

135 4135 161 4206 1)
181 4136 277 4191 Probo
307 4137 383 4191 enim
412 4135 529 4190 Canteri
558 4137 754 4190 coniecturam
784 4133 862 4204 ἐνέβη
891 4135 920 4188 in
949 4130 1044 4205 ἐνέβης
1064 4134 1200 4186 inuitantis

42 4222 128 4295 [1566).
166 4225 224 4281 Sed
244 4227 329 4280 etiam
350 4227 372 4279 si
394 4224 595 4280 Casanbonum
616 4243 774 4295 sequamur,
795 4227 842 4294 qui
868 4217 996 4296 χρησμόν
1019 4225 1048 4277 in
1075 4217 1199 4295 χρησμός

41 4317 336 4386 murtat,qnodta1nen
365 4307 484 4386 propter
511 4317 595 4370 niuniu
623 4317 730 4370 muudum
750 4307 875 4386 χρησμός
893 4315 986 4367 tainus
1005 4313 1111 4381 placet,
1131 4313 1199 4366 illae

41 4399 201 4460 offensiones
220 4411 362 4459 maneant.
