3130 5206
791 421 1008 479 ..26-

738 612 805 677 Str.
829 610 850 673 o

828 737 844 780 ε

741 829 817 890 Ant.
841 824 862 887 δ

740 934 807 999 Str.
832 934 850 1008 ζ

739 1041 817 1105 Ant.
842 1041 869 1116 ζ.

416 1183 586 1262 Repetitis
622 1184 684 1266 eis,
720 1201 804 1264 quae
839 1183 957 1248 littera
992 1203 1009 1261 γ
1045 1183 1244 1264 notavimus,
1278 1190 1355 1261 post
1397 1182 1487 1245 anti·

311 1291 482 1369 stropham
506 1291 536 1372 β,
561 1297 596 1355 et
620 1291 680 1372 eis,
714 1309 799 1371 quae
832 1291 950 1355 littera
981 1309 1007 1364 ε,
1037 1297 1113 1369 post
1136 1290 1381 1368 antistropham
1406 1287 1426 1349 δ
1449 1297 1488 1353 ut

311 1397 498 1478 ephymniis
533 1415 613 1462 sane
648 1399 753 1463 multo
793 1397 1031 1476 simpliciorem
1067 1397 1225 1461 carminis
1259 1395 1398 1460 formam
1439 1394 1488 1458 ef-

310 1505 439 1570 ficimus
463 1511 654 1585 amoventes
678 1505 853 1569 maximam
883 1504 1097 1569 offensionem
1122 1504 1268 1582 partium
1292 1521 1309 1579 γ
1334 1510 1369 1568 et
1393 1520 1409 1563 ε
1432 1520 1486 1566 re·

310 1612 491 1690 sponsione
522 1611 743 1676 exclusarum.
789 1611 860 1676 Iam
891 1619 925 1676 nt
954 1610 1112 1692 dicamus,
1142 1609 1221 1690 qnid
1250 1611 1347 1674 nobis
1376 1609 1416 1673 de
1446 1628 1488 1674 ee

309 1737 348 1782 re
373 1717 570 1783 censendum
594 1718 769 1799 videatur,
798 1719 1033 1800 examinemus,
1058 1735 1218 1797 quaenam
1243 1719 1485 1782 sententiarum

309 1826 400 1890 ratio
436 1826 526 1890 inter
561 1826 739 1906 ephymnia
774 1833 808 1890 et
838 1834 969 1890 ceteras
999 1833 1112 1904 partes
1136 1824 1333 1889 intercedat.
1380 1823 1486 1889 Primi

311 1933 525 2011 stropharum
550 1933 641 2011 paris
665 1933 876 2014 ephymninm

524 2053 583 2118 ἐπὶ
606 2054 641 2119 δὲ
665 2059 709 2140 τῷ
731 2058 906 2141 τεθυμένῳ

523 2158 598 2226 τόδε
621 2161 729 2246 μέλος,
748 2158 946 2246 παρακοπά,

524 2265 708 2353 παραφορὰ
733 2265 945 2355 φρενοδαλής,

525 2368 624 2458 ὕμνος
648 2373 684 2452 ἐξ
708 2369 873 2461 Ἐρινύων,

524 2485 652 2565 δέσμιος
676 2487 816 2568 φρενῶν,
841 2479 947 2568 οἶφόρ-

524 2613 648 2675 μικτος,
674 2584 780 2654 αὐονὰ
803 2595 929 2674 βροτοῖς

311 2735 418 2796 neque
435 2725 515 2782 ¹cnm
549 2720 688 2798 stropha
720 2737 833 2799 neque¹
852 2737 924 2783 cnm
949 2719 1160 2797 antistropha
1184 2719 1292 2783 artius
1316 2720 1485 2799 cohaeret,

312 2824 369 2888 sed
394 2843 511 2891 novem
537 2827 738 2891 sententiam
762 2827 803 2891 ab
828 2825 897 2890 illis
921 2825 1062 2890 alienam
1088 2825 1189 2890 addit.
1237 2825 1317 2890 Nam
1347 2827 1487 2902 stropha

313 2931 437 2995 Furiae
461 2951 534 2996 cnm
559 2933 714 3000 invocata
726 2932 832 2997 Nocte
856 2939 962 2997 matre
980 2940 1238 3013 conqueruntur,
1264 2932 1486 3012 qnodApoilo

312 3039 403 3116 ipsas
439 3037 593 3104 infamiae
628 3039 816 3105 traditurus
852 3041 898 3105 sit
933 3041 1081 3118 eripiens
1117 3041 1182 3104 sibi
1222 3041 1391 3120 Orestem,
1428 3041 1485 3118 qui

312 3153 451 3223 propter
483 3147 691 3212 commissam
724 3148 843 3212 matris
879 3146 1012 3212 caedem
1037 3147 1185 3226 ipserum
1210 3147 1296 3212 iuris
1321 3146 1375 3227 sit,
1399 3147 1485 3210 anti-

313 3254 454 3330 stropha
476 3254 669 3331 glorientur
692 3273 785 3318 sunm
810 3272 894 3334 esse,
920 3256 1107 3334 quicunqne
1137 3253 1268 3318 caedem
1287 3254 1485 3334 patraverit,

241 3364 243 3368 ’
313 3376 387 3422 enm
410 3360 578 3425 viventem
612 3367 842 3440 mortuumque
867 3363 1043 3441 persequi;
1080 3369 1197 3426 contra
1221 3360 1396 3441 ephymnio
1420 3360 1483 3424 iam

312 3484 377 3529 non
402 3466 442 3530 de
466 3466 668 3545 sempiterno
698 3468 917 3547 generalique
945 3470 1082 3547 negotio
1112 3487 1172 3533 suo
1204 3469 1394 3547 loquuntur,
1427 3469 1485 3532 sed

314 3572 354 3636 de
379 3574 503 3652 impetn
528 3593 624 3654 quem
649 3593 735 3638 nunc
759 3576 793 3638 in
808 3575 960 3639 Orestem
985 3576 1048 3639 hoc
1072 3576 1146 3653 ipso
1172 3576 1317 3640 carmine
1341 3575 1483 3639 animum

314 3680 387 3744 eius
409 3681 595 3746 vincientes
606 3677 662 3764 (cf.
676 3682 755 3759 p.16
771 3679 929 3761 )feciant.
965 3680 1089 3763 Quodsi
1104 3683 1153 3747 ita
1173 3700 1290 3747 sensus
1308 3682 1483 3762 ephymnio

313 3786 518 3865 aliquantum
554 3787 820 3867 interrumpitur,
855 3796 966 3853 temen
997 3807 1038 3852 ne
1061 3789 1116 3853 hic
1140 3787 1271 3868 quidem
1296 3788 1363 3853 nllo
1389 3789 1482 3852 modo

313 3893 484 3971 turbatur,
515 3894 613 3957 immo
645 3896 812 3972 particula
843 3889 904 3977 γάρ
929 3897 1029 3972 primi
1053 3895 1284 3974 antistrophae
1309 3914 1427 3960 versus
1451 3904 1484 3960 et

313 3993 394 4081 λοίχη
417 3992 494 4061 τάδε
506 3997 532 4083 ¹)
556 4001 590 4065 in
619 4001 718 4065 initio
747 3995 911 4066 secundae
940 4003 1098 4081 strophae
1121 4022 1186 4066 non
1211 4002 1318 4067 minus
1343 4009 1419 4081 apte
1444 4002 1483 4066 ad

314 4123 524 4134 ———.-......-

421 4208 448 4279 1)
468 4203 532 4265 τάδε
560 4217 680 4282 propter
708 4210 761 4282 oie)
789 4215 970 4284 insequentia
999 4231 1109 4284 versus,
1129 4216 1208 4285 quod
1226 4216 1409 4270 retinendum
1432 4219 1482 4281 est,

313 4301 350 4356 ad
368 4301 464 4370 priora
481 4307 525 4356 est
544 4301 735 4370 referendum,
754 4307 787 4357 ut
805 4305 919 4372 saepius
941 4322 1100 4373 pronomen
1121 4299 1168 4358 ὅδε
1187 4305 1263 4374 apud
1282 4309 1384 4374 poetae
1397 4310 1482 4375 atque

316 4391 401 4445 etiam
425 4391 604 4460 antiquiores
633 4409 726 4446 rerum
754 4393 920 4462 scriptores,
950 4399 982 4448 ut
1012 4393 1191 4449 Herodotum
1222 4398 1252 4449 et
1277 4395 1482 4464 Thucydidem.
