3130 5206
592 379 806 440 ..11-

110 571 272 651 potuerit,
296 578 346 636 nt
381 571 589 636 continuatio
619 573 806 637 sententiae
836 573 1029 638 intermisso
1055 575 1231 655 ephymnio
1256 594 1286 641 v.

113 683 199 741 1036
235 677 456 756 impediretur
492 685 526 741 et
561 689 597 743 ut
635 679 909 757 imperativarum
945 679 1125 744 formarum
1164 682 1287 746 relatio

111 790 274 863 perpetuo
304 792 395 848 esset
423 785 578 849 mutanda
606 805 670 849 non
700 793 840 864 apparet
868 787 934 850 nisi
964 787 1097 851 aliunde
1127 789 1222 866 quasi
1248 807 1288 852 ex

112 891 294 968 improviso
320 892 578 956 acclamationes
603 893 731 957 succini
755 900 920 970 putamus.
961 893 1143 958 Praconem
1168 896 1287 959 sicum

112 997 321 1062 Kirchhoffio
350 997 602 1079 introducimus,
633 1018 712 1064 sane
737 1007 973 1077 ,exspectamus
1001 999 1073 1064 lore
1103 1008 1141 1064 ut
1163 1001 1288 1066 iussum

113 1105 186 1168 eius
199 1104 393 1183 perficiatur
407 1107 660 1184 excipiaturque
673 1100 839 1187 ύλολογμφῖ
851 1107 965 1185 populi
980 1104 1023 1188 (v.
1033 1111 1119 1171 1044
1132 1116 1167 1172 et
1178 1105 1288 1191 1048).

112 1213 274 1276 Fortasse
299 1213 435 1294 excidit,
460 1213 518 1277 sed
542 1214 642 1278 etiam
669 1232 800 1278 causam
831 1232 927 1292 quam
956 1213 1087 1292 profert
1111 1215 1287 1280 Wecklein

113 1337 174 1383 cur
197 1318 231 1383 id
255 1338 318 1382 non
344 1319 402 1383 fiat
426 1317 557 1401 (Jahrb.
582 1322 604 1384 l.
622 1321 644 1384 l.
662 1340 693 1399 p.
716 1318 794 1403 224)
820 1319 975 1384 sufficere
1011 1322 1181 1401 existimo;
1207 1320 1288 1386 dicit

112 1427 199 1490 enim
236 1445 308 1490 cum
341 1435 418 1505 post
452 1428 556 1493 verba
590 1421 767 1500 ὀλολύξατε
802 1427 862 1488 νῦν
880 1447 883 1452 ·
901 1423 959 1488 e'nl
995 1425 1140 1504 μολπαῖς
1168 1447 1285 1506 agmen

112 1541 222 1615 exeat,
259 1533 402 1611 speciem
438 1535 594 1612 praeberi
637 1536 731 1614 quasi
780 1544 901 1614 pergat
949 1542 1065 1599 cantus
1106 1542 1288 1616 posteaque

112 1647 327 1718 exspectatae
341 1659 441 1706 voces
459 1643 528 1706 sint
549 1649 736 1706 secuturae.
762 1643 842 1706 Nam
857 1643 1090 1720 imperativum
1107 1633 1288 1723 εὐφαμεῖτε
1321 1655 1323 1658 ’

111 1748 175 1812 tali
201 1749 344 1812 clamore
378 1756 550 1826 exceptum
584 1766 656 1813 esse
686 1768 750 1812 non
779 1749 1006 1814 necessarium
1038 1757 1099 1821 est,
1125 1749 1288 1828 siquidem

111 1855 249 1921 verbum
286 1847 448 1936 εὐφημεῖν
483 1860 558 1918 αοα
584 1855 679 1919 modo
709 1856 878 1935 significat
905 1856 1014 1936 „laeta
1038 1858 1141 1922 verba
1165 1855 1287 1938 facero,

111 1961 201 2026 laete
226 1962 365 2025 sonare“
393 1961 445 2040 (ut
470 1965 531 2040 Ag.
546 1968 603 2047 283
634 1967 713 2041 6013
743 1963 837 2030 Pers.
852 1967 940 2044 392),
970 1962 1154 2027 sedetiam
1181 1959 1286 2044 ,Jmale

114 2068 268 2132 ominatis
304 2069 539 2150 abstinere¹}.“
588 2071 634 2133 At
669 2078 842 2147 praestare
876 2069 956 2134 mihi
990 2069 1124 2136 videtur
1158 2070 1212 2134 hic
1249 2070 1288 2134 de

112 2192 278 2253 praecone
314 2176 446 2239 omnino
479 2195 544 2240 non
581 2176 741 2256 cogitari;
777 2195 850 2241 nam
888 2185 923 2242 et
957 2173 1093 2242 ad'vim
1119 2177 1287 2256 ephymnii

112 2282 393 2348 accommodatius
422 2290 456 2346 et
484 2283 525 2347 ad
554 2292 760 2362 praesentem
792 2290 914 2348 statum
943 2301 1054 2347 rerum
1084 2284 1196 2361 aptius
1226 2289 1288 2364 est,

112 2391 142 2454 si
168 2391 346 2456 universus
382 2391 477 2469 quasi
513 2393 654 2469 populus
691 2391 809 2456 subitis
846 2390 1144 2455 acclamationibus
1172 2408 1286 2455 vocem

113 2498 270 2562 comitum
306 2498 530 2580 interrumpit,
567 2506 604 2562 ut
639 2499 804 2577 exprimat
839 2505 962 2578 quanta
990 2497 1157 2577 religione
1186 2516 1287 2576 quan-

111 2613 213 2682 taque
249 2605 382 2669 laetitia
414 2623 563 2683 pompam
601 2607 792 2670 exeuntium
834 2605 1012 2669 Furiarum
1053 2612 1286 2683 prosequatur.

113 2713 175 2777 Oui
210 2713 261 2776 rei
297 2731 362 2776 non
399 2714 493 2777 obest
528 2713 672 2777 secunda
708 2713 900 2792 imperativi
922 2712 1087 2791 'persona3
1116 2711 1176 2776 alii
1201 2713 1286 2776 anim

113 2819 196 2883 alios
209 2819 498 2900 adhortantur‚‘ut
510 2820 623 2898 Suppl.
644 2825 728 2884 1029
747 2816 795 2880 ἴτε
811 2813 879 2898 μὰν
896 2812 1121 2888 ἀστυάνακτας
1137 2813 1288 2900 μα’καρας

112 2921 222 3008 θεούς,
262 2934 297 2991 et
332 2927 477 3005 Choeph.
518 2932 579 2991 941
621 2917 835 2999 ἐπολολύξατ’
873 2905 898 2986 οἶ
937 2919 1146 2987 δεσποσύνων
1180 2920 1288 3004 δόμων

114 3023 266 3116 οἷναφνγᾷ
294 3035 416 3116 κακῶν;
445 3025 489 3115 et,
518 3042 556 3098 ut
584 3035 654 3114 hic,
679 3034 710 3097 ei
740 3035 795 3113 qui
826 3042 962 3098 cantant
986 3034 1111 3098 iussum
1136 3051 1175 3096 eo
1200 3032 1287 3112 qnod

112 3140 329 3218 pronuntiant
363 3149 546 3218 praestant.
593 3141 712 3220 Itaque
747 3148 896 3206 statuere
932 3140 1081 3220 cogimur
1104 3141 1200 3221 alios,
1230 3141 1287 3218 qui

112 3249 266 3312 neutrius
302 3249 396 3312 chori
433 3248 510 3330 sint,
548 3267 653 3327 neque
689 3248 867 3312 Furiarum
901 3265 1009 3326 neque
1035 3247 1206 3328 comitum,
1231 3247 1287 3312 hic

112 3373 213 3420 voces
238 3373 314 3419 suas
340 3374 412 3419 cum
437 3355 591 3420 comitum
617 3355 830 3433 coniungere.
866 3355 980 3434 Neque
1005 3354 1104 3419 ullam
1129 3355 1179 3418 sic
1203 3353 1286 3418 diffi-

114 3462 273 3526 cultatem
303 3463 386 3526 oriri
417 3463 588 3543 existimo,
614 3481 686 3526 cum
716 3461 932 3526 exclamando
959 3460 1086 3526 fuerint
1119 3479 1286 3540 perpauca

112 3571 227 3651 verba,
263 3588 348 3649 quae
384 3571 484 3635 etiam
520 3570 709 3634 hominibus
741 3569 887 3633 musicae
923 3570 1008 3633 artis
1032 3570 1140 3632 minus
1166 3569 1285 3647 peritis

114 3678 148 3740 in
172 3676 320 3741 docenda
344 3677 457 3742 fabula
472 3677 529 3744 vix
545 3678 703 3741 maiorem
720 3676 869 3740 laborem
885 3675 1053 3740 afferrent.
1078 3675 1132 3739 Ita
1154 3682 1284 3739 cautum

113 3800 193 3847 vere
217 3785 411 3862 popularem
436 3791 537 3862 poeta
560 3783 695 3849 videtur
718 3784 773 3847 hic
798 3801 870 3847 esse
896 3782 1055 3846 imitatus.

223 3895 373 3957 Alterum
400 3891 568 3972 ephymnii
597 3891 792 3970 exemplum,
823 3888 910 3969 quod
933 3891 1013 3952 item
1037 3888 1123 3953 haud
1148 3887 1284 3953 multum

114 4001 303 4080 asimplici
328 4001 388 4064 illo
413 4017 536 4080 genere
566 3990 613 4082 (ἰὴ
638 3991 756 4079 παιύν,
786 3999 839 4064 vel
874 3981 898 4057 ύ
933 3992 1136 4079 δοθύραμβε)
1171 3998 1284 4078 distat,

114 4111 272 4174 habemus
295 4106 330 4171 in
352 4106 478 4185 parodo
503 4106 771 4184 Agamemnonis.
819 4104 921 4187 Quae,
946 4112 983 4170 nt
1006 4112 1119 4169 notum
1149 4111 1215 4186 est,
1245 4123 1285 4169 ex

116 4235 302 4242 ,-..-.,..ὴλ

223 4285 250 4352 1)
271 4285 346 4349 Quin
373 4286 467 4353 etiam,
492 4303 555 4339 cum
577 4285 608 4338 id
630 4283 768 4340 facillime
788 4283 871 4340 fieret
888 4285 1022 4354 tacendo,
1043 4269 1179 4361 εὐφημεῖν
1198 4300 1285 4351 saepe

113 4376 205 4445 ipsius
224 4375 341 4432 tacendi
360 4375 418 4434 vim
438 4379 570 4446 occupat.
