3130 5206
789 418 1008 486 *ὅσω

738 621 806 685 Str.
830 640 849 698 γ

828 726 849 788 δ

685 837 899 930 ,οι-ιν..

740 941 807 1007 Str,
831 959 848 1002 ε

793 1049 1003 1127 Αοιίσιοε.β

741 1158 818 1221 Ant.
842 1173 871 1219 ε.

419 1263 458 1328 In
481 1263 583 1328 tertio
619 1263 762 1342 denique
802 1261 949 1326 ciusdem
986 1259 1120 1326 fabulae
1153 1261 1290 1325 stasimo
1314 1260 1532 1338 (934sqq.).

310 1372 461 1436 homines
492 1370 582 1435 docti
615 1389 687 1434 cunr
717 1369 857 1448 quadarn
892 1369 1004 1447 specie
1030 1368 1186 1433 veritatis
1211 1367 1389 1448 ephymnia
1413 1386 1510 1431 con-

312 1479 468 1543 stituunt.
515 1477 598 1542 Nam
630 1495 816 1555 quanquam
841 1493 975 1541 carmen
1000 1474 1169 1540 meandina
1185 1474 1370 1539 formahoc
1392 1474 1506 1538 modo

313 1586 531 1663 compositum
556 1585 717 1650 traditum
742 1592 796 1648 est

740 1691 807 1756 Str.
832 1709 853 1752 α

827 1798 849 1876 β

740 1907 818 1968 Ant.
843 1922 864 1965 α

740 2011 806 2076 Str.
832 2030 849 2088 γ

833 2117 852 2178 δ

739 2228 819 2290 Ant.
844 2244 870 2303 γ,

313 2332 417 2397 verba
447 2337 558 2394 tamen
588 2331 705 2402 ultima
734 2331 892 2408 strophae
924 2351 951 2412 y,
982 2326 1074 2413 κόρα
1098 2350 1134 2392 ιε
1158 2331 1225 2411 φῶς
1249 2325 1342 2410 ἰδεῖν,
1368 2331 1400 2394 in
1427 2330 1496 2394 iine

314 2438 546 2517 antistrophac
571 2439 784 2503 recurrentia
814 2441 954 2530 (mntatn
978 2457 1014 2499 τε
1038 2439 1070 2502 in
1094 2433 1146 2516 τό)
1171 2438 1285 2503 multis'
1309 2437 1493 2514 vestigium

314 2563 388 2608 csse
413 2545 557 2609 iteratae
594 2545 671 2608 olim
707 2545 813 2610 totius
848 2546 957 2624 partis
981 2545 1001 2606 δ
1023 2545 1189 2612 videntur.
1237 2545 1378 2609 Accedit
1402 2545 1494 2623 quon

315 2658 427 2729 partes
451 2652 474 2730 β
489 2659 523 2715 et
540 2649 559 2711 δ
580 2658 718 2729 propter
735 2670 866 2717 sensum
885 2652 980 2718 valde
998 2652 1137 2716 idoneae
1154 2659 1232 2716 sunt
1248 2670 1343 2731 quae.
1355 2651 1493 2731 ephym-

204 2845 206 2848 Ι
313 2758 443 2822 nicrum
468 2758 576 2822 locum
600 2766 745 2848 teneant.
784 2758 865 2823 Nam
891 2778 962 2824 cunr
989 2759 1022 2823 in
1046 2759 1194 2838 strophis
1211 2766 1246 2824 et
1266 2759 1493 2838 antistrcplris

314 2883 334 2924 α
348 2872 382 2927 et
399 2884 416 2942 γ
432 2863 472 2927 dc
488 2863 562 2942 ipsa
578 2865 709 2929 ratione
727 2865 839 2930 caedis
856 2861 1002 2948 (venisse
1024 2866 1155 2931 tandem
1174 2865 1301 2930 domum
1325 2865 1492 2946 (inertem,

313 2971 446 3035 venisse
486 2959 608 3035 iustam
646 2987 797 3052 poenam,
837 2973 989 3037 evenisse
1030 2991 1114 3051 quae
1158 2971 1362 3037 vaticinatus
1398 2981 1492 3036 essct

316 3076 455 3155 Ap01103
492 3095 512 3136 α
548 3085 582 3141 ct
605 3086 666 3142 σοι.
691 3083 721 3156 y)
753 3087 853 3157 atquc
884 3078 923 3142 dc
955 3080 1004 3143 eis
1036 3097 1120 3158 qnae
1144 3098 1214 3143 eam
1240 3069 1396 3144 secutura
1420 3079 1491 3144 sint

316 3184 424 3256 (brevi
463 3183 592 3247 domum
633 3185 720 3249 omni
760 3185 888 3249 macula
926 3184 999 3249 fore
1039 3186 1190 3267 liberam,
1226 3194 1293 3251 ant.
1311 3189 1340 3264 γ)
1366 3185 1489 3250 chorus

315 3290 483 3371 loquatur,
507 3291 661 3368 partibus
685 3293 707 3371 β
1247 3301 1249 3304 ’

527 3388 740 3470 ἐπολολύξατ’
763 3379 787 3457 (ό
811 3394 1018 3460 δεσποσύνων
1042 3394 1150 3477 δόμων

528 3489 682 3586 ‹it-anna
694 3503 718 3588 1)
743 3505 853 3566 κακῶν
877 3505 932 3566 καὶ
958 3500 1103 3566 κιεοίνων
1126 3507 1238 3586 τριβᾶς

528 3603 595 3674 ὑπὸ
621 3611 713 3674 δυοῖν
736 3607 936 3693 μιαστόροιν,

528 3717 684 3797 δοσοίμον
706 3713 804 3796 τόχας

528 3899 611 3974 μέγα
634 3887 665 3959 τ’
687 3891 841 3982 ἀνῃρέθη

529 3996 656 4087 ψάλιον
680 3999 801 4068 οἰκίων.
816 4001 844 4088 2)

527 4105 627 4189 ἄναγε
651 4105 729 4192 μόν,
752 4105 860 4189 δόμοι·
885 4103 994 4172 πολύν
1017 4106 1099 4189 ἄγαν
1122 4106 1239 4193 χρόνον

526 4223 742 4295 χαμαιπετεῖς
766 4208 890 4280 ἔκεισθ’
913 4208 974 4299 ciri,

422 4375 450 4442 l)
469 4362 602 4447 όναανγᾷ
619 4395 670 4446 pro
691 4365 836 4448 όκαφσγός
854 4377 1032 4432 Heimsoeth.

421 4461 449 4532 2)
470 4463 563 4519 vinitor
580 4483 632 4538 pro
653 4466 735 4519 οἴκων
752 4465 874 4521 Ahrena.
