3130 5206
791 441 828 446 --
879 413 919 468 dh
968 441 1007 446 --

310 593 351 662 ad
391 600 511 664 Aesch.
552 605 673 680 p.l3t)
714 601 796 664 dicit
828 602 944 664 mirum
979 619 1065 682 csse,
1092 602 1120 666 si
1146 609 1222 681 post
1246 598 1348 663 διπλᾶ
1371 599 1502 682 λέγειν,

311 703 414 766 διπλοῖ
472 696 583 788 δ’ὁρᾶο
645 706 784 771 duorum
846 725 1000 774 versuum
1054 708 1233 774 intervallo
1294 711 1500 773 intermisso

312 822 409 890 poeta
442 815 650 894 perrexisset
681 804 760 874 ὀλοὰ
791 813 906 893 λέγειν,
931 805 1009 876 ὀλοὰ
1036 805 1159 896 δ’ὁρᾶο,
1184 817 1299 895 probo,
1324 823 1431 896 ratus,
1463 817 1499 878 si

310 921 359 982 ita
384 929 484 1000 asset,
509 928 639 999 poetam
664 927 700 984 ut
725 922 758 984 in
784 922 922 1001 stropha
946 922 995 985 ita
1019 923 1051 985 in
1077 923 1300 1002 antistropha,
1326 942 1396 986 cum
1418 931 1499 986 tarn

311 1045 428 1104 magna
451 1029 515 1092 toti
548 1029 631 1094 insit
663 1029 801 1092 carmini
833 1029 1020 1107 aequalitas
1050 1037 1149 1107 atque
1177 1031 1361 1109 responsio,
1387 1048 1500 1096 voca-

309 1135 387 1198 bula
423 1134 528 1210 λέγειν
565 1143 599 1198 et
633 1126 715 1214 ὁρᾶν
750 1137 972 1214 repetiturum
1007 1136 1130 1221 i'uisse;
1170 1137 1257 1214 quod
1291 1156 1355 1201 non
1389 1137 1495 1217 fecit,

309 1241 473 1320 siquidem
513 1261 544 1308 v.
586 1247 687 1324 97324
749 1243 876 1318 legitur
922 1237 1027 1304 adduc
1062 1246 1161 1321 γένος,
1210 1239 1313 1304 τάλαν
1360 1238 1496 1313 nullos.

310 1349 355 1413 ldt
395 1349 481 1426 qnod
513 1350 725 1429 protulerunt
759 1351 925 1414 Hermann
952 1359 985 1415 ct
1010 1351 1184 1431 Westphal
1210 1350 1278 1434 (qui
1304 1370 1344 1416 ex
1371 1353 1496 1416 vorbis

309 1455 426 1534 proodi
445 1458 633 1521 coniunctis
659 1475 729 1520 cum
749 1458 974 1536 compluribus
992 1458 1089 1538 apodi
1107 1459 1247 1538 primum
1266 1459 1490 1539 stropharum

311 1577 369 1641 par
405 1562 538 1627 efficere
575 1570 713 1628 conatus
749 1572 866 1628 nostra
901 1566 1004 1629 verba
1040 1565 1072 1628 in
1110 1567 1351 1645 antistropham
1389 1585 1492 1630 suam

308 1671 446 1748 primam
478 1670 631 1750 recipit),
663 1689 702 1734 ea
734 1673 975 1736 sententiarum
1002 1674 1172 1736 contextui
1198 1673 1296 1752 opodi
1321 1693 1385 1737 nou
1402 1691 1499 1737 con-

310 1778 427 1841 venire
445 1795 583 1854 eumque
601 1779 855 1860 interrumpere,
873 1780 954 1842 mihi
971 1779 1172 1858 persuadere
1200 1799 1265 1842 uon
1295 1775 1498 1860 potuerunt.

310 1884 392 1946 Nam
416 1893 647 1962 praeterquam
685 1884 771 1962 quod
795 1886 828 1948 in
854 1905 978 1950 summo
1004 1886 1119 1950 dolore
1144 1888 1385 1952 sententiarum
1411 1907 1499 1952 cou-

307 1992 512 2055 secutiouem
538 1993 657 2056 stricto
693 1991 733 2056 ad
767 1992 909 2070 logicam
935 1995 1099 2058 rationem
1126 1994 1405 2058 accommodatam
1432 2013 1498 2058 ex-

309 2106 461 2175 spectare
498 2117 561 2162 uon
598 2097 773 2180 debemus,
812 2100 865 2162 hic
897 2100 981 2163 nihil
1005 2102 1168 2164 rationem
1195 2100 1342 2166 offendit.
1389 2102 1498 2165 Post-

310 2223 407 2281 quam
432 2204 515 2267 enim
542 2223 676 2268 sorores
701 2205 858 2270 dixerunt
882 2205 1005 2270 iratres
1023 2225 1071 2287 ea,
1098 2225 1181 2284 quae
1198 2207 1291 2287 ipsae
1309 2209 1496 2286 ephymuio

313 2311 631 2391 pronuntiavissenq
667 2313 725 2375 illo
762 2313 849 2376 bello
875 2331 948 2376 esse
977 2321 1143 2394 expertos
1180 2331 1239 2393 per
1263 2305 1340 2374 όλοά
1367 2313 1496 2396 λέγειν,

306 2409 388 2507 θ’λοοὶ
414 2410 525 2498 δ’ὁρᾶν
549 2418 655 2482 denuo
680 2427 786 2484 totum
813 2438 937 2500 eorum,
965 2421 1019 2500 qui
1046 2421 1166 2485 mortni
1193 2429 1269 2485 ante
1287 2439 1346 2485 eas
1364 2421 1495 2504 iacent,

312 2525 415 2589 fatum
451 2526 691 2603 lamentantur3
728 2527 909 2604 quodcum
935 2528 1028 2605 genti
1065 2528 1259 2607 patriaeque
1294 2536 1362 2592 tum
1400 2530 1494 2607 ipsis

307 2634 505 2712 (sororibus)
530 2633 765 2709 gravissimum
790 2651 863 2697 osse
888 2641 1041 2713 pergunt.
1077 2635 1196 2713 Itaque
1223 2655 1294 2699 cnm
1312 2635 1493 2699 difficilius

308 2758 372 2802 non
408 2741 454 2804 sit
490 2749 608 2819 putare
646 2741 729 2803 haec
766 2742 868 2805 verba
905 2759 946 2804 ex
970 2759 1000 2808 v.
1027 2739 1127 2824 984s5
1152 2757 1212 2821 per
1236 2760 1382 2806 errorem
1409 2760 1492 2806 esso

307 2847 454 2925 repetita
489 2866 586 2924 qnam
612 2865 629 2910 c
655 2847 793 2927 stropha
829 2849 863 2910 in
896 2848 1034 2926 aposlum
1066 2848 1151 2912 falso
1176 2850 1386 2929 migravisse,
1410 2867 1492 2913 roc-

306 2951 438 3016 tis‘sime
462 2962 615 3018 recentes
647 2953 795 3018 aditores
829 2957 875 3031 (nt
900 2954 1084 3034 Kirchhoil,
1113 2956 1296 3035 Wecklein,
1324 2955 1422 3037 Wcil)
1451 2959 1489 3021 in

307 3059 518 3139 antistropha
542 3061 673 3124 omniuo
699 3079 739 3125 ea
763 3063 982 3126 sustulerunt.
1020 3060 1113 3141 Quod
1134 3064 1334 3126 scholiastes
1352 3082 1490 3141 quoque

308 3167 532 3245 commendam
556 3187 630 3232 nam
656 3169 819 3232 scholium
837 3162 915 3228 ὀλοὰ
932 3159 1052 3245 λέγει-οὺ
1079 3159 1118 3230 οὐ
1134 3165 1239 3246 μόνον
1255 3171 1358 3230 ruico
1375 3168 1490 3247 λέγειν

305 3267 395 3354 iton,
420 3264 502 3334 (ἰλλοὶ
534 3273 587 3335 καὶ
619 3267 769 3357 ὁρᾶσθαι·
802 3281 906 3344 κεῖται
931 3268 990 3356 γὰρ
1013 3271 1052 3337 τά
1082 3271 1215 3354 σώματα
1239 3295 1303 3341 nou
1330 3277 1371 3340 ad
1395 3280 1489 3340 auti-

307 3382 488 3461 stropham,
515 3381 573 3445 sed
597 3381 638 3445 ad
663 3381 802 3462 epodum
828 3389 1019 3447 annotatum
1045 3390 1107 3450 est.

412 3487 451 3550 In
476 3488 669 3569 Supplicum
705 3487 817 3552 fabula
853 3489 904 3552 bis
940 3497 1039 3568 poeta
1075 3491 1241 3569 ephymnii
1278 3509 1368 3554 more
1402 3509 1488 3554 usus

307 3603 368 3675 est,
394 3595 428 3658 in
452 3595 576 3675 parodo
610 3589 645 3659 et
676 3597 710 3659 in
735 3596 850 3678 xoppqi
874 3592 962 3679 (inde
988 3616 1007 3660 a
1030 3616 1061 3661 v.
1079 3599 1165 3675 832),
1191 3616 1285 3676 quem
1311 3598 1489 3663 alternant

308 3701 474 3764 Danaides
512 3709 545 3765 et
580 3718 699 3781 praeco
738 3704 939 3783 Aegyptius,
972 3705 1125 3782 quicum
1151 3706 1270 3785 servis
1296 3706 1388 3768 utin
1417 3707 1486 3768 hn-

307 3815 442 3887 gyptum
461 3808 538 3872 illas
554 3808 743 3886 reduceret,
761 3809 913 3887 advenit;
932 3830 1027 3888 quam
1045 3820 1173 3890 partem
1192 3813 1482 3891 corruptissimam

305 3916 411 3979 totins
437 3916 598 3996 Aeschyli
624 3934 697 3979 esse
722 3924 834 3980 notum
861 3925 922 3980 est.
971 3918 1049 3982 Onm
1074 3933 1195 3997 praeco
1221 3919 1319 3982 minis
1352 3917 1487 3983 frustra

305 4022 443 4087 iactatis
479 4023 543 4086 iam
581 4038 639 4102 per
673 4024 740 4088 viru
774 4040 830 4087 eas
868 4023 1015 4088 crinibus
1052 4009 1247 4088 abstrahere
1272 4032 1421 4105 conetur,
1449 4029 1482 4091 ei

306 4129 516 4208 stropharum
543 4131 626 4210 pari,
652 4149 715 4208 quo
740 4129 797 4192 ille
822 4149 963 4194 araneae
988 4132 1105 4210 nigrae
1121 4133 1257 4211 propius
1275 4133 1483 4212 propiusque

305 4237 487 4318 arrepenti
516 4245 616 4315 atque
648 4237 805 4300 echidnae
835 4238 986 4316 virgines
1017 4257 1128 4302 morsu
1159 4238 1321 4316 tenenti¹l
1347 4255 1482 4318 compa·

304 4351 411 4423 ratur,
437 4352 471 4407 et
490 4345 647 4423 strophae
674 4352 707 4407 et
732 4345 973 4424 antistrophae‚
999 4346 1174 4409 subiuncta
1199 4354 1275 4410 sunl
1299 4346 1398 4409 haec:

342 4501 373 4570 1)
394 4499 558 4557 Secundum
578 4502 678 4556 Wcilii
698 4504 892 4557 coniecturam
912 4501 1008 4574 ἔχιδνα
1028 4491 1089 4562 δ’ὥς
1106 4503 1145 4577 με’
1162 4523 1200 4563 τις
1219 4493 1390 4558 ποιιδακοῦᾰ
1409 4503 1483 4576 ἔχει.
