3130 5206
800 391 1016 458 xpp.-

322 597 432 655 tamen
456 589 552 655 fatali
580 591 693 654 morbo
718 601 846 654 tumere
871 593 1060 671 exponitur,
1085 589 1163 668 quid
1189 589 1253 654 sibi
1273 589 1357 656 velit
1373 588 1502 652 iterata

323 697 590 762 commemoratio
615 698 735 779 noctis,
760 707 819 762 aut
857 698 898 762 ad
932 716 1089 776 quosnam
1119 689 1194 766 τοὺς
1222 696 1259 758 δέ
1280 695 1500 768 ,referendum

238 874 242 882 ,
322 806 468 880 sitnon
504 806 727 884 intellegitur,
766 823 825 869 nec
849 806 956 884 nugis
984 814 1058 882 post
1082 805 1325 882 antistropham
1350 804 1502 884 tertiam,

218 935 221 940 ¹
323 933 388 990 qua
411 915 526 993 porgit
550 922 649 991 poeta
674 931 840 990 exponere
866 912 991 976 nullum
1017 929 1091 976 esse
1115 911 1281 992 refugium
1308 911 1502 990 parricidae

321 1021 479 1098 nullaque
516 1040 601 1100 aqua
637 1019 749 1084 caedis
787 1021 947 1084 maculam
984 1019 1052 1083 elui
1089 1037 1196 1096 posse.
1253 1019 1363 1099 (quare
1399 1037 1501 1082 uuum

323 1127 407 1191 illud
431 1129 573 1191 Porsoni
598 1126 777 1191 remedium
811 1127 938 1207 placet,
969 1124 1055 1204 quod
1079 1134 1171 1191 recte
1196 1143 1309 1189 omnes
1333 1124 1403 1188 fere
1428 1126 1502 1189 lau-

322 1233 497 1315 daverunt,
523 1234 666 1299 delentis
692 1252 823 1299 versum
849 1234 1030 1311 repetitum
1055 1234 1088 1296 11
1107 1233 1245 1310 stropha
1261 1232 1375 1299 tertia.
1401 1231 1499 1312 Quod

322 1359 360 1404 eo
401 1341 607 1419 probabilius
647 1348 699 1404 est
738 1340 824 1420 quod
865 1360 966 1404 causa
1005 1339 1109 1404 falsae
1149 1339 1363 1417 repetitionis
1399 1339 1501 1402 facile

323 1448 434 1512 all'erri
460 1456 583 1526 potest.
632 1449 827 1526 Congrnunt
862 1449 947 1511 enim
988 1448 1077 1512 inter
1110 1465 1145 1510 11
1182 1465 1245 1510 111
1271 1446 1365 1510 modo
1396 1448 1502 1510 verba

323 1573 441 1620 versus
481 1561 521 1618 62
562 1563 596 1620 et
636 1556 708 1619 1111
744 1556 801 1634 qni
841 1555 874 1618 in
910 1553 1025 1618 codice
1060 1562 1137 1631 post
1171 1547 1502 1634 68111111111111·

181 1642 183 1648 ’
225 1661 228 1667 ’
323 1652 353 1721 d'
366 1656 523 1740 ἄκραντος
547 1657 615 1738 ἔχει
637 1656 700 1744 νύξ,
737 1661 795 1725 sed
831 1662 930 1726 etiam
968 1661 1162 1725 vocabulum
1200 1658 1287 1740 quod
1322 1667 1501 1737 utrumque

322 1769 491 1833 'antecedit
515 1769 601 1832 idem
626 1778 688 1850 est,
713 1770 777 1832 nisi
804 1768 890 1846 quod
914 1768 986 1832 illic
1011 1768 1148 1832 tbrmam
1173 1762 1277 1846 βρύει,
1302 1767 1356 1830 hic
1386 1761 1502 1848 βρύειν

322 1876 474 1954 legimus
524 1875 611 1957 Quin
652 1883 762 1940 autem
807 1877 913 1939 solnm
950 1876 984 1938 in
1013 1893 1113 1940 vorsu
1150 1880 1190 1937 68
1230 1875 1352 1938 iustum
1389 1875 1498 1936 locum

325 1991 439 2047 teneat
462 1977 603 2064 decedo)
629 2002 692 2046 non
718 1991 770 2047 est
787 1981 1013 2048 dubitandum.
1056 1983 1148 2062 Quae
1165 1981 1287 2059 duplex
1305 1981 1501 2058 corruptela

323 2089 460 2154 videtur
485 2091 533 2154 ita
558 2098 632 2154 orta
657 2108 730 2153 esse
745 2087 937 2170 (secundum
953 2089 1254 2169 Wilamowitzium,
1273 2087 1323 2151 ed.
1342 2088 1500 2170 Ohoepn,

326 2201 421 2276 1896,
446 2215 477 2274 p.
497 2193 585 2279 159),
611 2188 1223 2274 11111111111111111ς111κραντος
1252 2189 1317 2271 ἔχει
1347 2189 1406 2266 νύξ
1436 2215 1499 2258 suo

324 2303 397 2366 loco
423 2305 545 2366 omissa
569 2305 604 2367 11
628 2304 779 2382 margine
804 2305 898 2367 iuxta
921 2320 1052 2367 versum
1079 2308 1120 2365 68
1149 2296 1288 2384 (βρύειν)
1320 2302 1498 2382 scriberet,

324 2409 437 2474 addita
462 2419 541 2475 uota
565 2411 678 2488 aliqua
702 2429 742 2473 ex
768 2429 832 2488 qua
856 2429 919 2488 quo
944 2411 1047 2474 verba
1071 2416 1185 2473 111111
1202 2408 1380 2472 inserenda
1397 2428 1499 2486 appa-

323 2525 426 2599 reret,
451 2519 480 2580 is
505 2523 614 2581 autem
641 2519 696 2597 qui
721 2516 956 2580 inscribendo
982 2515 1014 2580 id
1050 2524 1263 2593 praeceptum
1294 2517 1501 2593 sequebatur

323 2625 384 2688 illa
420 2624 550 2703 quidem
591 2626 694 2688 verba
729 2643 789 2687 suo
822 2624 896 2686 loco
926 2630 1106 2701 reponeret
1129 2640 1190 2700 per
1214 2640 1361 2685 errorem
1386 2631 1500 2686 tamen

322 2749 494 2794 numerum
532 2749 645 2795 eorum
679 2731 841 2796 vocabulo
877 2729 1088 2795 antecedenti
1113 2723 1252 2809 (βρύειν)
1276 2747 1412 2810 augeae,
1438 2730 1501 2793 sed

210 2820 219 2838 ⁶
323 2846 399 2915 post
424 2844 466 2901 68
490 2857 554 2901 non
580 2837 719 2905 deleret.

430 2947 540 3023 Atque
579 2946 661 3009 baec
700 2943 832 3022 quidem
872 2951 965 3007 certa
1004 2943 1155 3020 exempla
1193 2943 1383 3022 Aeschyleo
1418 2953 1502 3007 sunt

323 3053 572 3132 ephymniorum
589 3069 608 3114 1
627 3051 771 3129 siugulis
791 3051 944 3115 versibus
968 3050 1190 3115 constantium
1204 3046 1239 3130 1).
1275 3051 1501 3142 Transeamus

287 3145 289 3150 ’
324 3159 365 3222 ad
389 3178 429 3222 ea
453 3153 536 3236 quae
562 3177 602 3222 ex
627 3159 780 3236 pluribus
806 3164 884 3222 sunt
908 3158 1103 3235 composita.

429 3266 468 3329 In
492 3267 624 3346 threno,
650 3284 743 3344 quem
770 3267 802 3329 11
823 3265 956 3342 Septem
981 3263 1095 3328 fabula
1119 3263 1158 3327 de
1176 3262 1314 3326 Eteocle
1339 3282 1377 3326 ac
1394 3263 1501 3342 Poly-

322 3373 395 3436 nice
428 3381 541 3438 mntua
571 3373 671 3437 caede
704 3374 843 3436 mortuis
877 3372 1044 3448 Antigona
1075 3379 1175 3449 atque
1205 3370 1336 3433 Ismene
1361 3387 1501 3435 sorores

323 3482 464 3544 alteruis
495 3481 626 3546 vicibus
663 3489 785 3545 canunt
821 3479 1007 3558 (9411111,
1044 3479 1145 3542 trium
1182 3478 1325 3556 partium
1352 3477 1501 3558 (proodi,

318 3571 441 3652 ¹cautus
465 3587 712 3666 antistrophici,
749 3586 855 3664 epodi)
882 3586 989 3650 media
1013 3585 1190 3665 ephymnia
1219 3584 1365 3649 exbibet.
1413 3584 1499 3649 Nam

324 3703 358 3758 et
381 3695 518 3771 stropha
543 3701 577 3757 et
600 3695 811 3771 antistropha
835 3693 950 3757 finitur
973 3693 1026 3756 his
1052 3693 1205 3757 versibus

550 3792 587 3860 ἰώ
613 3803 729 3880 Μοῖρα
753 3793 970 3879 βαρυδότειρα
993 3792 1128 3879 μογερά,

550 3899 673 3966 πότνιά
693 3897 724 3966 τ’
750 3900 892 3966 Οἰδίπου
916 3899 1001 3984 σκιά,

549 4006 677 4090 μέλαιν’
702 4003 825 4093 Ἐρινὺς
847 3995 867 4095 ἢ
890 4005 1092 4091 μεγασθενής
1115 4030 1163 4079 τις
1187 3999 1225 4074 εἷ,

324 4120 481 4201 Quisnam
506 4138 562 4184 eos
594 4121 808 4198 cantavisset,
843 4117 1099 4196 disputaverunt
1123 4119 1272 4181 homiues
1297 4118 1396 4197 docti,
1421 4137 1498 4184 cum

430 4311 457 4380 1)
477 4315 521 4367 De
541 4332 626 4369 versu
646 4313 819 4378 intercalari,
841 4313 888 4381 qui
902 4313 988 4364 estin
1004 4310 1237 4381 Choephorcrurn
1252 4312 1352 4364 ultimo
1366 4313 1498 4380 11111111,

322 4399 399 4478 πάρα
419 4396 446 4456 ni
467 4401 523 4470 φῶς
543 4401 621 4466 ἰδεῖν,
640 4401 715 4456 infra
734 4402 929 4470 tractabimus,
948 4419 976 4469 p.
984 4407 1018 4460 52
1031 4418 1093 4470 sqq.
