3130 5206
765 348 896 407 ..44
949 381 984 388 --

287 541 468 606 eiecisscnt
502 559 566 605 non
601 558 685 620 quae
720 539 762 606 ad
797 540 1380 620 88888888888888888818888888,
1406 538 1471 602 sed

287 665 372 726 quae
404 647 542 712 maxime
572 665 645 712 eum
676 647 890 728 impedirent,
919 655 1019 725 atquc
1044 665 1084 710 co
1109 646 1203 710 modo
1228 646 1470 724 prudentiores

288 763 389 834 atque
415 755 644 832 elegantiores
668 772 744 820 sese
768 755 1002 833 praestitissent
1018 773 1115 832 quam
1132 772 1272 836 magnus
1287 753 1347 818 ille
1363 761 1471 831 poeta

287 863 453 943 tragicus.

396 988 657 1067 Adquiescamus
680 987 786 1066 igitur
809 989 842 1052 in
867 987 994 1052 tradita
1010 986 1126 1068 formu,
1151 987 1342 1066 cogitantes
1363 986 1467 1050 etiam

288 1112 402 1159 eorum
426 1095 613 1174 nonnullos
639 1095 696 1174 qui
720 1094 796 1158 aliis
821 1094 855 1159 in
879 1094 1003 1158 fabulis
1027 1095 1190 1159 acerrime
1214 1093 1466 1159 restitutionem

288 1201 539 1282 ephymniorum
564 1200 753 1281 defendunt,
790 1202 852 1266 hoc
883 1203 956 1266 loco
982 1220 1022 1266 ca
1045 1201 1291 1282 reformidassc,
1316 1209 1354 1265 ut
1377 1219 1466 1264 nunc

290 1309 444 1374 Wailium
471 1307 526 1382 (cf.
558 1307 715 1373 editionis
750 1309 905 1390 minume,
938 1314 1033 1388 1885,
1062 1308 1167 1386 praef.
1192 1327 1222 1386 p.
1247 1306 1303 1390 X).
1352 1307 1465 1372 Anne

289 1434 370 1483 vera
394 1421 455 1490 est,
473 1434 532 1479 cur
552 1421 729 1493 tantopere
746 1417 780 1480 in
803 1415 941 1480 traditis
958 1414 1184 1480 oll‘cndamus?
1219 1415 1321 1480 Immo
1339 1420 1461 1478 certam

289 1525 324 1587 in
348 1523 506 1586 carminis
532 1529 703 1589 structura
727 1523 962 1602 aequalitatem
996 1523 1107 1587 inesse
1132 1540 1225 1587 nemo
1251 1521 1462 1586 infitiabitur.

288 1629 468 1694 Includunt
496 1630 583 1693 enim
614 1637 729 1707 partes
761 1628 928 1694 simillime
960 1637 1110 1694 structae
1135 1636 1262 1708 partem
1288 1629 1463 1710 ephymnio

290 1745 451 1801 ornatam.
491 1736 566 1800 Tali
590 1745 700 1801 autern
724 1735 821 1800 modo
846 1736 932 1816 quod
949 1737 1057 1802 media
1072 1755 1151 1815 pars
1169 1736 1332 1815 insignem
1355 1736 1461 1799 locum

195 1909 196 1916 ,
289 1851 413 1924 teneat,
439 1843 471 1907 id
497 1863 569 1908 cum
594 1862 693 1908 sensu
717 1845 800 1908 bene
825 1845 1004 1910 convenire
1028 1850 1121 1909 recte
1139 1839 1283 1908 Arnol‘dt
1307 1843 1464 1921 explanat

291 1949 374 2034 (Der
399 1950 486 2015 Ohor
508 1951 551 2014 im
577 1952 641 2030 Ag.
667 1950 724 2014 des
749 1952 881 2031 Aeson,
907 1951 979 2015 Hal.
1007 1953 1102 2032 1881,
1128 1971 1158 2030 p.
1178 1947 1300 2035 78119),
1327 1969 1400 2014 cum
1425 1969 1464 2013 eo

290 2058 364 2121 loco
405 2058 541 2138 chorus,
581 2059 637 2136 qui
677 2065 711 2122 et
746 2066 845 2123 antea
889 2065 923 2123 et
959 2066 1076 2137 postea
1110 2059 1217 2137 magis
1244 2058 1464 2136 tranquillum

291 2165 433 2228 animum
466 2170 596 2243 servat,
630 2164 670 2228 ad
702 2183 846 2230 summos
875 2165 974 2230 animi
1008 2173 1117 2230 motus
1148 2182 1349 2244 progressus
1374 2164 1464 2242 ipsas

291 2273 424 2336 emittat
449 2271 704 2336 lamentationes
733 2273 1039 2352 accusationesque.
1085 2273 1135 2337 De
1171 2274 1233 2337 hac
1261 2290 1299 2335 re
1336 2271 1391 2350 qui
1431 2271 1463 2334 in

292 2378 481 2445 universum
518 2380 608 2443 inter
642 2397 678 2443 se
714 2379 936 2460 consentiunt,
970 2388 1082 2444 tamen
1105 2379 1146 2443 de
1170 2379 1355 2442 minoribus
1380 2395 1463 2457 quae

259 2549 268 2568 ,
291 2486 332 2550 ad
356 2485 494 2550 formam
517 2485 687 2562 pertinent
710 2486 744 2551 in
769 2485 920 2551 diversas
944 2493 1058 2564 partes
1083 2485 1268 2554 discedunt.
1305 2484 1463 2567 Quaestio

291 2593 379 2657 enim
403 2600 467 2674 est,
498 2593 577 2672 quid
606 2592 646 2656 dc
676 2594 894 2672 responsione
926 2594 1119 2676 systematis
1144 2595 1161 2659 I
1191 2593 1364 2672 partisque
1388 2595 1410 2672 β
1431 2599 1464 2655 88

291 2701 539 2780 systematisV
570 2701 785 2778 paruisque(
816 2701 860 2765 sit
892 2701 1113 2769 iudicandum.
1160 2702 1244 2766 Tres
1279 2700 1319 2764 de
1361 2718 1400 2764 ea
1428 2716 1463 2762 re

292 2807 479 2871 sententiae
504 2815 581 2871 sunt
605 2807 768 2885 prolatae.
808 2809 848 2872 H.
875 2807 1025 2873 Schmidt
1049 2815 1083 2872 et
1109 2807 1249 2872 Arnoldt
1273 2803 1308 2890 (l.
1326 2807 1350 2872 l.
1365 2826 1394 2885 p.
1410 2807 1464 2884 76)

291 2913 449 2980 traditam
475 2932 587 2978 earum
613 2915 757 2991 partium
781 2913 917 2979 formam
942 2915 1116 2980 laudantes
1140 2915 1264 2979 nullam
1288 2915 1377 2978 inter
1408 2931 1464 2976 eas

292 3021 542 3099 responsionem
567 3021 777 3086 intercedere
802 3023 937 3101 volunt;
962 3022 1136 3101 Westphal
1153 3019 1257 3104 (Prol.
1272 3020 1326 3085 ad.
1344 3021 1464 3084 Aesch.

293 3135 398 3206 p.1s;
422 3129 550 3192 Metrik
567 3126 668 3210 111³‚n
692 3148 723 3206 p.
740 3125 872 3213 realta)
899 3129 1036 3194 melicas
1060 3129 1191 3208 quidem
1205 3136 1329 3209 partae,
1354 3130 1421 3206 β88
1438 3128 1464 3208 ζ,

292 3235 382 3300 inter
410 3253 445 3299 se
478 3235 681 3313 respondere
714 3233 968 3319 (anapaesticus
1000 3237 1173 3318 systemal
1197 3245 1231 3300 et
1254 3244 1403 3317 systema
1426 3235 1465 3314 V,

292 3361 428 3407 numero
453 3350 582 3407 tantum
607 3340 909 3428 hypermetrorum)
927 3344 1027 3423 dicit3
1051 3346 1219 3409 Hermann
1237 3343 1390 3422 denique,
1413 3341 1463 3406 cui

294 3449 390 3514 multi
421 3457 498 3514 sunt
526 3450 671 3531 assensi,
699 3469 764 3516 non
794 3451 890 3515 modo
919 3461 1047 3530 partem
1071 3453 1092 3531 β
1121 3452 1208 3530 parti
1235 3448 1257 3522 ζ,
1283 3449 1341 3514 sed
1366 3449 1464 3513 ctiam

293 3556 480 3638 systemal
516 3557 690 3637 systemati
721 3559 750 3621 V
781 3558 1018 3636 respondentia
1049 3558 1140 3623 facit.
1194 3559 1287 3622 Inter
1320 3573 1359 3620 ea
1388 3554 1466 3636 quid

292 3671 421 3729 rectum
457 3665 503 3728 sit
538 3663 724 3728 diiudicare
761 3664 898 3729 difficile
930 3673 992 3730 est.
1041 3665 1105 3730 Sed
1130 3665 1378 3730 Hermanniana
1409 3663 1466 3727 illa

293 3778 510 3851 systematum
535 3771 552 3835 1
576 3779 610 3835 88
635 3773 662 3835 V
695 3773 785 3836 inter
813 3791 848 3836 se
872 3774 1046 3851 responsio
1072 3771 1310 3852 probabilitate
1335 3770 1465 3835 minime

295 3884 398 3941 caret.
446 3877 484 3942 Id
520 3878 662 3959 quidem,
698 3897 775 3943 num
811 3881 844 3943 in
880 3881 1073 3946 universum
1106 3879 1299 3960 systematis
1328 3895 1465 3955 anapae-

294 3985 391 4048 sticis
423 3985 512 4048 inter
544 3985 670 4065 lyricas
701 3994 815 4065 partes
849 3987 986 4051 insertis
1011 3994 1104 4051 certa
1127 3985 1267 4050 metrica
1290 3985 1465 4064 responsio

294 4090 459 4157 vindicari
484 4091 604 4156 debeat
633 4127 672 4138 -
698 4093 808 4158 idest
840 4094 1025 4173 aequalitas
1056 4095 1185 4159 numeri
1213 4101 1392 4158 metrorum
1426 4125 1465 4134 -

295 4215 408 4274 parum
446 4207 579 4264 constat
614 4197 669 4282 (cf.
706 4202 830 4282 Christ,
864 4199 1010 4266 Metrik2
1046 4199 1179 4284 §307)‚
1216 4201 1295 4280 quin
1324 4199 1465 4263 etiamn

295 4306 408 4370 multis
440 4308 488 4384 (ut
515 4327 534 4371 8
564 4309 771 4386 Westphalio
797 4317 831 4374 et
846 4309 1064 4392 Rossbachm,
1081 4302 1465 4392 Metrik111³‚np.1to)
