3130 5206
576 410 797 468 ..25..

88 607 178 665 'sunt
201 601 236 664 in
261 601 438 681 ephymnio
464 600 633 680 strophae,

313 686 334 767 ἆ
358 701 435 790 Ζήν,
461 697 545 775 Ἰοῦς
569 697 606 766 ἰώ

313 816 408 898 μῆνις
431 803 583 894 μάστειρ’
606 808 642 874 ἑκ
665 815 764 876 θεῶν.

313 923 419 981 κοννῶ
442 913 472 982 δ’
473 914 557 982 ἄταν
579 921 721 998 γαμετᾶς

314 1021 544 1109 οὐρανόνικον.
570 1024 720 1103 χαλεποῦ
743 1021 803 1108 γὰρ
827 1023 861 1088 ἐκ

313 1129 502 1212 πνεύματος
530 1123 590 1194 εἶσι
614 1127 744 1212 χειμών,

96 1241 306 1322 continuant,
332 1241 390 1306 sed
414 1242 594 1321 stropham,
620 1259 684 1318 qua
708 1239 875 1304 Danaides
900 1259 946 1322 se,
971 1241 1000 1304 si
1017 1241 1115 1306 Jovis
1134 1243 1274 1306 Dianae-

95 1366 161 1426 que
185 1349 303 1412 auxilii
342 1355 498 1426 expertes
534 1354 698 1428 maneant,
736 1347 776 1410 ad
809 1329 984 1411 Plutonem
1009 1366 1083 1412 sese
1108 1349 1273 1432 conferre,

96 1455 278 1532 suspendio
302 1457 404 1521 vitam
430 1454 594 1535 finienteS,
621 1461 769 1518 coactum
794 1455 838 1518 iri
863 1453 988 1519 dicunt.
1037 1455 1142 1520 Simili
1167 1457 1274 1535 igitur

96 1561 193 1625 modo
218 1569 318 1642 atque
354 1570 430 1641 post
465 1562 602 1640 primam
639 1562 808 1639 stropham
842 1563 1056 1626 invocatione
1077 1563 1274 1628 intermissa

97 1676 276 1734 contextus
312 1670 552 1734 sententiarum
589 1669 794 1747 aliquantum
826 1669 1100 1749 interrumpitur;
1126 1669 1274 1735 sednon

95 1777 272 1858 turbatur3
297 1796 372 1840 narn
396 1777 590 1842 adverbium
613 1769 689 1837 τότε
707 1771 797 1860 (174)
820 1795 915 1840 nemo
932 1795 997 1839 non
1015 1784 1128 1855 potest
1142 1777 1272 1842 referre

96 1882 140 1948 ad
164 1902 203 1948 ea
228 1902 312 1963 quae
337 1885 549 1965 ephymnium
573 1881 783 1947 antecedunt.
820 1885 865 1948 At
889 1884 923 1947 in
948 1884 1161 1963 antistropha
1182 1893 1273 1962 post·

96 2009 195 2070 quam
219 1991 344 2056 dictum
368 1998 422 2056 est
444 1991 574 2071 Jovem,
600 1990 630 2053 si
654 2007 771 2068 preces
787 1991 956 2068 virginum
981 1991 1190 2073 neglegeret,
1207 2011 1273 2056 non

95 2104 189 2162 recte
213 2097 380 2164 facturum
405 2116 491 2177 esse,
516 2097 670 2175 pergitur
696 2097 756 2176 „de
780 2115 907 2161 summo
933 2099 1026 2161 caelo
1051 2105 1161 2162 autem
1195 2099 1273 2163 audi

96 2223 157 2268 nos
181 2211 215 2268 te
250 2203 479 2286 invocantes“,
515 2222 622 2284 neque
658 2202 835 2283 quidquam
869 2212 946 2283 post
970 2223 1010 2268 ea
1033 2207 1136 2270 verba
1160 2208 1272 2285 aptius

98 2313 244 2390 cogitari
269 2306 381 2392 potest
405 2330 501 2391 quam
526 2312 600 2390 ipsa
622 2311 803 2391 invocatio,
829 2329 912 2390 quae
929 2313 1078 2390 reposito
1093 2314 1270 2394 ephymnio

98 2420 260 2499 sequitur.
296 2420 415 2499 Itaque
432 2420 461 2482 si
483 2419 557 2498 quis
573 2419 679 2483 nihilo
697 2419 804 2491 minus
822 2419 1034 2497 ephymnium
1050 2419 1106 2483 hic
1122 2427 1270 2501 respuat,

96 2534 270 2606 praestare
305 2534 385 2605 puto
423 2544 541 2591 versus
579 2531 669 2590 168-·
691 2531 752 2590 173
789 2525 884 2605 quasi
921 2525 1060 2604 epodum
1096 2533 1173 2605 post
1207 2532 1268 2592 181

96 2633 282 2700 transferre
318 2652 414 2713 quam
452 2631 499 2708 (id
535 2632 623 2712 quod
658 2634 813 2712 Hartung
848 2631 942 2710 iecit)
979 2642 1114 2699 servato
1156 2633 1270 2698 ordine

96 2741 263 2805 mesodum
287 2741 377 2806 inter
400 2741 571 2818 stropham
596 2747 630 2804 et
654 2741 897 2818 antistropham
922 2747 1081 2806 statuere.
1117 2741 1198 2806 Nam
1223 2741 1270 2806 in-

96 2847 197 2914 solita
221 2854 402 2928 structura,
428 2866 525 2926 quarn
549 2865 650 2925 supra
674 2849 886 2929 exprobravi,
913 2855 1005 2913 certe
1022 2850 1071 2913 ita
1087 2851 1270 2918 evanescit.

203 2955 370 3035 Sequatur
402 2973 491 3019 nunc
521 2955 662 3033 primum
692 2955 910 3020 Eumenidum
936 2956 1117 3020 stasimum.
1167 2956 1270 3022 Cuius

96 3063 293 3140 compositio
317 3062 352 3125 in
376 3061 546 3126 codicibus
571 3080 610 3126 ea
634 3068 695 3142 est,
721 3068 757 3125 ut
792 3063 891 3140 primi
927 3064 1019 3140 paris
1043 3069 1077 3126 et
1100 3064 1269 3142 stropham

96 3177 131 3234 et
147 3169 389 3247 antistropham
416 3169 624 3250 ephymnium
644 3177 813 3250 sequatur,
831 3169 972 3234 alterius
989 3170 1080 3234 inter
1100 3173 1267 3249 stropham

95 3284 131 3341 et
154 3277 396 3355 antistropham
421 3294 499 3354 pars
522 3277 740 3355 responsione
765 3294 881 3340 carens
906 3277 1087 3342 interiecta
1110 3277 1155 3342 sit
1175 3278 1269 3342 item-

96 3401 159 3462 que
181 3383 288 3465 tertii,
325 3391 478 3462 quartum
515 3383 646 3448 solitam
683 3385 844 3462 praebeat
878 3383 1016 3448 formam
1053 3388 1211 3464 strophae
1235 3395 1269 3452 et

96 3490 337 3572 antistrophae,
362 3491 449 3554 hunc
474 3491 508 3556 iu
533 3490 680 3555 modum:

523 3651 590 3720 Str.
616 3671 637 3712 α

575 3757 659 3836 Eph.
685 3777 706 3818 α

521 3867 599 3928 Ant.
625 3883 646 3926 α

575 3971 661 4050 Eph.
688 3991 717 4036 α.

522 4079 588 4142 Str.
612 4081 634 4158 β
