3130 5206
801 418 1018 484 .-ρ4.η

534 609 667 694 ίλέομαι
690 613 752 694 μὲν
776 606 887 678 ’λιτίαν
910 615 1037 697 βοῦνιν,

535 724 681 804 καρβᾶνα
705 717 735 784 δ’
759 716 863 785 αὐδὰν

535 808 583 912 εὖ,
608 832 658 912 γᾶ,
682 837 816 901 κοννεῖς.

535 931 679 998 πολλάκι
704 931 734 999 δ’
758 933 907 1017 ἐμπίτνω
933 930 992 1012 ξίν
1015 936 1123 999 λακίδι

535 1044 674 1107 λίνοισιν
698 1033 717 1127 ἢ
739 1045 875 1128 Σιδονίᾳ
899 1040 1083 1128 καλύπτρᾳ,

322 1172 427 1233 neque
452 1151 539 1232 quod
563 1153 604 1217 ad
628 1155 878 1233 grammaticam
901 1171 1009 1232 neque
1034 1153 1120 1232 quod
1145 1152 1186 1217 ad
1211 1171 1342 1218 sensum
1359 1155 1500 1234 attinet,

321 1262 430 1325 artius
455 1280 527 1324 cum
552 1259 826 1325 antecedentibus
851 1261 1073 1341 coniunctum,
1098 1259 1283 1325 sedtamen
1305 1260 1501 1325 adsensum

322 1368 405 1432 satis
441 1373 562 1447 aptum,
600 1386 671 1431 cum
708 1387 811 1446 paene
847 1375 954 1433 totum
991 1385 1051 1446 per
1087 1385 1220 1432 carmen
1263 1368 1502 1433 invocationes

320 1475 586 1555 lamentationes,
623 1475 878 1540 lamentationes
915 1476 1144 1541 invocationes
1180 1475 1360 1553 excipiant.
1413 1474 1502 1556 Nec,

320 1583 350 1646 si
374 1600 411 1646 re
435 1600 515 1648 vera
540 1582 671 1646 initium
698 1582 928 1660 antistrophae
965 1600 1095 1646 sensum
1132 1582 1243 1646 sensui
1269 1582 1426 1660 strophae
1452 1583 1502 1646 si-

320 1689 431 1753 milem
457 1690 616 1770 continet,
642 1707 787 1754 conexus
811 1690 970 1770 violatur,
995 1690 1147 1768 quoniam
1167 1689 1258 1752 illius
1275 1689 1378 1755 verba
1394 1690 1501 1766 plane

320 1816 404 1864 nova
429 1803 506 1861 sunt
530 1797 623 1861 nulla
646 1815 728 1863 voce
753 1796 794 1860 ad
819 1797 988 1874 stropham
1012 1797 1198 1876 relegante.
1234 1797 1353 1861 Altero
1382 1803 1500 1862 autem

319 1904 393 1968 loco
419 1904 631 1984 ephymnium
668 1923 740 1968 oum
777 1904 917 1982 stropha
951 1911 1051 1982 atque
1089 1921 1161 1967 cum
1186 1904 1397 1982 antistropha
1421 1912 1501 1968 tan-

318 2019 436 2089 topere
462 2012 630 2092 cohaeret,
655 2018 693 2076 ut
717 2009 818 2075 etiam
842 2011 1060 2090 grammatice
1078 2011 1111 2074 id
1129 2029 1202 2075 cum
1220 2011 1269 2074 eis
1287 2011 1500 2088 coniungere

318 2118 430 2181 liceat.
469 2117 632 2182 Invocant
648 2118 787 2195 stropha
802 2117 925 2189 Iovem,
943 2118 1155 2196 antistropha
1172 2118 1312 2182 Dianam
1329 2119 1499 2200 virgines,

319 2231 356 2288 ut
390 2231 467 2302 post
500 2222 631 2287 felicem
667 2225 915 2303 navigationem
950 2225 1041 2302 ipsas
1066 2242 1166 2302 porro
1192 2243 1321 2302 quoque
1346 2234 1500 2309 servent,

319 2338 419 2409 atque
445 2331 621 2411 ephymuio

532 2441 665 2520 σπέρμα
688 2437 811 2514 σεμνᾶς
834 2439 916 2515 μέγα
940 2427 1065 2517 ματρὸς

531 2535 627 2615 είνοὶς
650 2535 788 2628 α’νδρῶν,
815 2538 840 2626 ἔ,
866 2538 891 2625 ἔ,

531 2645 660 2732 ἄγαμον
683 2645 856 2732 ἀδάματον
880 2645 1032 2730 ἐκφαγεῖν

318 2761 508 2824 accuratius
533 2779 552 2823 a
576 2779 715 2838 quanam
741 2761 920 2838 praecipue
944 2775 982 2822 re
1008 2757 1138 2823 servari
1163 2756 1268 2822 velint
1301 2756 1500 2835 explanant.

309 2866 504 2932 -Iufiuitivus
540 2861 693 2946 ἐκφυγεῖν
728 2867 769 2931 ad
804 2868 943 2931 verbum
978 2865 1119 2925 κτίσειεν
1149 2861 1238 2945 (146)
1261 2874 1299 2928 et
1322 2864 1363 2928 ad
1387 2858 1502 2950 ῥύσιος

318 2975 461 3049 γενέσθω
493 2972 589 3056 (156;
613 2999 656 3028 z
681 2967 844 3057 ῥυσάσθω)
879 2974 928 3037 ita
957 2970 1140 3038 trahendus
1165 2978 1226 3052 est,
1260 2977 1298 3034 ut
1321 2979 1503 3037 statuatur

318 3081 524 3145 constructio
554 3081 712 3146 infinitivi
744 3081 801 3160 qui
833 3079 900 3143 dici
923 3086 1036 3157 potest
1059 3077 1184 3158 finaliS,
1209 3097 1274 3157 qua
1297 3078 1501 3144 liberiorem

318 3188 351 3250 iu
376 3186 505 3251 modum
542 3187 667 3266 aliquid
704 3186 780 3251 addi
817 3187 915 3258 solet,
953 3185 1038 3265 quod
1074 3186 1114 3266 is,
1140 3185 1179 3248 de
1204 3204 1268 3264 quo
1293 3203 1401 3249 sermo
1426 3196 1499 3269 est,

209 3383 210 3388 ἵ
318 3311 358 3356 ex
372 3293 502 3357 actione
516 3295 711 3372 principalis
723 3295 819 3360 verbi
833 3295 928 3372 sequi
942 3294 1015 3358 vult
1035 3289 1092 3376 (cf.
1108 3293 1245 3356 Kiihner
1258 3293 1302 3373 II,
1321 3313 1352 3371 p.
1367 3294 1443 3370 586)
1474 3293 1499 3378 ).

317 3402 427 3479 Atque
464 3401 498 3464 in
533 3402 635 3465 tertio
673 3403 884 3480 stropharum
920 3400 993 3478 pari
1030 3399 1240 3480 ephymnium
1267 3401 1297 3463 ei
1321 3399 1407 3481 loco,
1432 3404 1499 3467 uhi

316 3526 381 3570 non
407 3516 458 3572 est
481 3506 641 3572 traditum
667 3503 756 3586 (post
779 3503 1036 3586 antistropham)
1061 3514 1127 3570 tam
1153 3507 1236 3569 hene
1262 3507 1427 3586 convenit,
1459 3519 1501 3575 ut

317 3615 363 3678 ibi
389 3615 490 3679 multo
515 3615 633 3678 melius
659 3633 730 3678 cum
756 3615 879 3678 ceteris
904 3615 950 3678 sit
975 3631 1132 3677 conexum
1159 3632 1254 3691 quam
1273 3612 1329 3678 ubi
1350 3614 1499 3699 legitur,

316 3732 393 3802 post
428 3725 609 3801 stropham.
657 3723 769 3786 Verba
804 3723 891 3786 enim
926 3721 1156 3798 antistrophae
1181 3720 1303 3785 tertiae
1330 3728 1384 3801 „et
1407 3727 1499 3788 tunc

315 3832 485 3912 Juppiter,
510 3831 538 3894 si
563 3830 750 3909 perdiderit
762 3830 861 3894 Jonis
886 3829 1078 3908 progeniem
1105 3845 1143 3890 eo
1168 3827 1255 3904 quod
1278 3847 1365 3891 nunc
1389 3845 1498 3894 aures

316 3939 451 4018 avertit,
488 3938 523 4000 in
559 3955 658 4001 causa
692 3956 758 4001 non
794 3937 883 4000 iusta
920 3932 1206 4012 deprehendetur“
1243 3953 1308 3997 non
1340 3951 1496 4011 eaquae

422 4129 449 4200 1)
468 4131 536 4198 Alii,
557 4135 589 4184 ut
610 4129 754 4186 Oberdick
783 4127 839 4198 (ed.
858 4127 966 4198 Suppl.‚
986 4129 1076 4191 1869),
1104 4127 1273 4184 solvendam
1301 4143 1365 4181 esse
1384 4144 1401 4179 a
1420 4144 1495 4182 cou-

315 4223 476 4276 struotione
496 4227 656 4275 ceterorum
677 4221 922 4274 constructionem
943 4219 1087 4288 ephymnii
1107 4222 1212 4287 putant
1239 4222 1411 4286 poetamque
1441 4218 1494 4272 hie

316 4310 489 4366 infinitivum
506 4310 670 4364 absolutum
690 4310 820 4377 optative
842 4309 983 4376 posuisse,
1003 4312 1035 4360 ut
1056 4305 1199 4376 septaes
1219 4307 1281 4359 θεοὶ
1306 4308 1423 4370 πολῖται,
1448 4304 1495 4378 μή

314 4419 351 4474 με
372 4401 496 4456 δουλείας
515 4405 618 4469 τυχεῖν,
646 4397 730 4462 Quod
750 4399 774 4452 si
794 4396 835 4466 fit,
855 4415 956 4451 sensus
976 4401 1071 4451 tamen
1095 4413 1220 4450 conexus
1238 4377 1397 4449 artissimos
1417 4401 1475 4450 est.
