3130 5206
579 439 800 502 ...33-

100 633 222 714 secuti,
246 639 376 710 partem
401 651 416 695 e
441 641 516 713 post
546 635 793 714 antistropham
816 637 845 717 β,
871 637 929 700 'lh
962 636 1074 716 Heyse
1104 643 1233 715 partem
1259 608 1292 714 γ’

99 747 181 818 post
220 741 468 819 antistropham
508 741 527 802 δ
560 749 854 824 transposuerunt,
890 743 935 807 M.
961 743 1113 809 Schmidt
1140 751 1277 822 praeter

99 847 240 912 Heathii
264 849 565 927 transpositionem
590 849 686 914 sedes
712 851 870 929 strophae
898 849 918 911 δ
940 860 974 916 et
1000 852 1233 929 antistrophae
1258 849 1278 911 δ

100 956 330 1022 commutavit.
383 957 461 1021 Cum
486 958 537 1021 eis
562 957 675 1022 facere
701 959 834 1022 minime
860 977 1003 1037 possum.
1038 958 1126 1023 Illud
1144 958 1275 1037 quidem

99 1066 339 1141 praetermitto
369 1063 476 1132 falsae
511 1067 746 1131 translationis
776 1067 809 1128 in
841 1065 1012 1132 codicibus
1041 1084 1173 1130 causam
1198 1084 1274 1143 pro·

98 1171 248 1236 habilem
274 1173 402 1239 deesse.
452 1174 515 1239 Sed
545 1193 618 1239 cnm
649 1180 784 1240 servato
818 1173 966 1237 codicum
997 1172 1114 1237 ordino
1144 1179 1275 1236 seuten-

98 1280 226 1345 tiarum
263 1282 470 1346 continuatio
511 1282 636 1360 optime
675 1278 846 1360 procedat,
884 1281 935 1344 ita
959 1289 1089 1344 mutato
1118 1280 1276 1344 turbatur

99 1388 406 1452 vehementissime.
455 1387 549 1470 Quod
585 1396 622 1453 nt
655 1388 813 1467 vitarent,
849 1387 907 1451 alii
944 1388 1030 1452 alias
1062 1387 1274 1451 coniecturas

98 1496 332 1576 protulerunt,
368 1515 503 1575 quarum
540 1504 651 1560 tamen
689 1503 723 1559 et
755 1513 962 1575 magnaque
987 1513 1069 1573 opus
1094 1495 1273 1558 eratmul·

98 1603 246 1668 titudine
274 1614 309 1668 et
331 1605 496 1671 violentia
523 1601 853 1669 verisimilitudinem
870 1601 1012 1666 rationis
1029 1619 1109 1665 suae
1131 1601 1273 1664 maxime

98 1713 166 1792 ipsi
191 1711 463 1779 debilitaverunt.

208 1841 301 1904 Hauc
325 1838 430 1918 igitur
463 1836 599 1902 formam
630 1837 773 1900 omnium
802 1853 897 1899 uuam
925 1842 1052 1899 rectam
1069 1851 1152 1898 esse
1177 1840 1272 1911 puto:

422 1946 488 2010 Str.
514 1963 534 2004 α
953 1955 956 1962 “

474 2051 559 2130 Eph.
585 2070 605 2110 α

423 2165 499 2225 Ant.
526 2179 546 2220 α

418 2309 423 2316 -
474 2268 556 2346 Eph.
583 2286 602 2325 u

421 2376 487 2440 Str.
512 2377 534 2454 β

475 2482 631 2548 Mesodns
656 2501 674 2559 γ

420 2595 498 2657 Ant.
522 2591 545 2669 β

418 2667 844 2688 Μ

421 2702 487 2764 Str.
514 2696 534 2759 δ

483 2806 607 2872 Antim.
633 2824 650 2882 γ
673 2803 759 2884 (ze
782 2821 813 2880 p.
828 2797 896 2883 26.)

419 2918 496 2979 Aut.
522 2912 542 2975 δ

96 3257 192 3341 Quod
217 3266 328 3323 autem
354 3265 471 3321 contra
495 3273 565 3318 eam
584 3252 670 3318 Weil
695 3251 774 3314 olim
798 3247 882 3313 dixit
896 3247 969 3328 (Rh.
984 3246 1027 3309 M.
1043 3239 1188 3325 16,206),
1204 3261 1269 3306 non

95 3365 220 3430 debere
246 3365 508 3428 enuntiationem
533 3354 694 3439 δωμάτων
723 3349 784 3436 γὰρ
812 3349 952 3432 εἱλόμαν
984 3342 1175 3432 ἀνατροπάς
1202 3347 1268 3412 κτλ.

95 3472 268 3556 (ssssqq.)
294 3490 332 3535 eo
358 3469 485 3551 divelli,
503 3467 590 3548 qnod
615 3486 634 3531 a
657 3482 740 3530 voce
757 3455 947 3543 ἀνατροπάς
963 3477 1081 3524 novam
1098 3457 1268 3544 stropham

94 3583 138 3646 ab
163 3579 374 3644 antecedenti
399 3595 536 3656 prorsus
555 3576 719 3642 diversam
738 3570 843 3634 ordiri
862 3575 1081 3646 statueretur,
1097 3564 1269 3628 refellitur

94 3688 225 3751 duobus
249 3687 333 3750 locis
369 3685 576 3766 Aeschyleis,
614 3681 733 3761 quibus
762 3677 968 3742 enuntiatum
998 3673 1033 3738 in
1057 3671 1269 3748 antistropha

95 3805 249 3874 coeptum
274 3796 308 3858 in
326 3794 466 3871 stropha
482 3789 690 3870 insequentis
706 3787 799 3865 paris
815 3785 941 3863 linitur,
963 3785 1027 3861 Ag.
1044 3800 1076 3845 v.
1092 3782 1268 3843 ras—248

93 3912 130 3969 et
170 3904 261 3981 Sept.
300 3921 332 3968 v.
363 3904 552 3978 730-7413
592 3896 698 3961 eidem
742 3892 968 3973 symmetriam
1013 3887 1268 3964 compositionis

94 4011 314 4098 desideranti
328 4010 533 4074 oblectamus
550 4004 632 4083 ipsis
649 4001 766 4066 metris
787 3999 991 4077 aliquantum
1009 4013 1068 4060 uos
1085 3991 1266 4070 admoneri,

93 4137 136 4184 ne
160 4117 375 4183 traditionem
400 4114 629 4192 relinquamus
654 4115 712 4173 aut
735 4104 911 4186 ephymnia
934 4101 1184 4167 introducentes
1209 4104 1268 4162 aut

94 4225 243 4290 ordinem
283 4229 461 4287 mutantes.
508 4220 588 4284 Nam
624 4224 696 4281 tres
732 4220 854 4293 partes
892 4212 926 4275 in
962 4227 1044 4289 quas
1084 4204 1266 4271 secundum

93 4333 310 4399 traditionem
338 4346 468 4394 carmen
494 4325 666 4403 dividitur,
685 4342 750 4386 una
766 4319 953 4400 ephymniis
970 4317 1146 4395 instructa,
1158 4313 1266 4376 altera

98 4439 254 4520 mesodis,
289 4437 395 4502 tertia
430 4451 517 4498 mere
553 4430 811 4508 antistrophica,
848 4444 920 4491 cum
957 4424 1065 4489 tribus
1101 4420 1264 4498 partibus,
