3130 5206
579 386 772 452 -χ-

88 580 166 659 quid
191 582 326 660 proprie
350 601 389 646 ea
407 582 500 663 velit,
525 583 588 647 iam
606 601 669 646 non
689 591 880 661 cognoscat.
917 584 1104 664 Ephymnio
1132 602 1264 663 semper

88 690 288 754 sententiam
318 708 378 768 per
407 708 442 752 se
474 691 640 770 integram
669 691 805 754 subesse
834 690 896 755 iam
927 692 1085 772 diximum
1121 710 1161 756 ex
1191 693 1262 756 eius

88 805 208 861 natura
232 815 332 874 porro
351 798 505 875 sequitur
521 815 659 862 neccsse
678 815 752 862 esse
769 799 909 876 exprimi
929 817 967 862 eo
985 800 1091 877 magis
1115 801 1262 866 minusve

88 903 188 968 animi
214 904 366 968 affectum
391 912 587 985 statumque,
612 903 646 968 in
671 923 735 982 quo
760 912 866 969 totum
892 913 1025 970 carmen
1049 915 1206 972 versetur
1229 915 1264 971 et

89 1011 142 1073 cui
167 1011 384 1088 explicationi
410 1013 465 1090 sit,
483 1019 563 1093 tum,
589 1018 626 1075 ut
642 1011 725 1092 illic,
744 1011 891 1076 dolorem
908 1021 1047 1078 mortem
1065 1014 1262 1095 lugentium,

88 1127 157 1180 tum
190 1117 347 1197 gaudium
376 1119 511 1196 nuptias
540 1119 782 1182 celebrantium
812 1120 867 1183 vel
895 1138 1034 1184 messem
1068 1117 1262 1184 facientium

89 1225 290 1303 similiaque.
954 1233 956 1237 ’

194 1351 392 1430 Priusquam
421 1350 461 1414 ad
492 1352 714 1430 Aeschyleum
744 1350 995 1430 ephymniorum
1025 1370 1134 1432 usum,
1165 1371 1260 1432 quem

88 1465 236 1520 tractare
266 1458 362 1522 nobis
392 1467 444 1522 est
472 1459 692 1538 propositum,
725 1466 949 1538 transeamus
979 1476 1085 1536 pauca
1113 1459 1262 1524 addenda

88 1571 167 1627 sunt
199 1564 239 1627 de
274 1582 357 1630 voce
392 1559 563 1643 ἐφύμνιον.
611 1565 817 1641 Hephaestio
854 1565 964 1642 capite
988 1553 1174 1646 insumi,
1205 1567 1259 1644 qui

87 1668 168 1750 περὶ
191 1665 376 1749 ποιήματος
409 1672 616 1750 inscribitur,
642 1672 724 1735 haec
748 1672 863 1735 babet:
894 1665 960 1732 ἔστι
984 1670 1021 1731 δέ
1040 1691 1114 1732 τινα
1138 1668 1173 1732 ἐν
1195 1677 1263 1741 τοῖς

87 1773 247 1860 ποιήμασι
271 1772 388 1839 καὶτὰ
414 1771 601 1856 καλούμενα
626 1772 779 1858 ἐφύμνια,
804 1769 894 1858 ἅπερ
917 1767 1035 1860 ταύτης
1057 1780 1112 1861 τῆς
1136 1795 1261 1864 προορ-

87 1885 197 1965 γορίας
221 1879 406 1967 τετύχηκεν,
431 1879 547 1967 ἐπειδὴ
567 1883 623 1945 καὶ
646 1878 810 1964 ἐφύμνιον
833 1904 867 1944 τι
890 1879 1047 1946 εἰώθασιν
1071 1881 1207 1963 ἐπάγειν
1231 1882 1262 1946 οἱ

87 1991 224 2073 ποιηταὶ
247 1998 318 2061 ταῖς
341 1997 507 2073 στροφαῖς,
533 1978 588 2052 οἷοί
610 1986 677 2052 ἐστι
702 1991 756 2051 καὶ
779 1985 818 2051 τὰ
843 1993 979 2052 τοιαῦτα

195 2091 275 2160 'rrius
300 2093 416 2180 παιιίν,

85 2205 141 2265 καὶ

190 2291 229 2372 Ὦ
253 2306 450 2394 διδύραμβε.

57 2463 59 2466 ·
87 2440 197 2516 Atque
234 2439 283 2501 eis
319 2438 516 2518 ephymniiS,
553 2456 637 2516 quae
674 2456 737 2500 non
771 2445 848 2515 post
884 2437 1064 2516 stropham,
1101 2437 1159 2500 sed
1183 2445 1260 2516 post

86 2563 219 2608 vorsum
256 2554 446 2626 ponuntur,
483 2546 653 2623 proprium
690 2550 807 2608 nomen
843 2545 1097 2625 mesymniorum
1126 2546 1258 2626 tribuit,
1346 2609 1348 2614 Α

86 2652 225 2716 laudans
251 2652 403 2731 Sapphus
428 2654 556 2732 (Bergk
583 2650 638 2732 91)

193 2751 279 2842 cirpea
302 2754 339 2841 δὴ
362 2752 398 2820 τύ
421 2758 604 2841 μέλαθρον,

298 2858 477 2949 Ὑμήυαον,

192 2966 326 3054 ιίέρρετε
348 2976 494 3041 τέκτονες
516 2967 641 3054 ἄνδρες,

297 3073 476 3163 Ὺμήυαον.

193 3180 335 3269 γαμβρὸς
360 3183 524 3269 ἐσέρχεται
547 3183 632 3254 ἴσσας
650 3181 766 3266 Ἀρευι.

85 3295 203 3373 Capite
228 3301 336 3358 autem
362 3295 457 3358 XIII.
483 3294 627 3358 eiusdem
653 3293 731 3358 libri
757 3310 840 3370 quae
865 3293 912 3356 sit
934 3293 1023 3355 inter
1039 3285 1200 3370 ἐφύμνιον
1224 3301 1258 3357 et

39 3401 42 3406 '
84 3395 279 3480 ἐπίφθεγμα
308 3401 494 3466 differentia
524 3401 671 3480 exponit,
702 3401 757 3464 ubi
787 3407 852 3463 est:
884 3394 949 3460 ἔστι
978 3397 1016 3459 δέ
1040 3418 1114 3459 τινα
1138 3393 1256 3459 καὶτὰ

85 3503 276 3585 καλούμενα
312 3501 591 3587 ἐπιφθεγματικοί,
627 3499 649 3568 δι’
673 3506 823 3588 διαφέρει
857 3501 959 3591 ταύτῃ
987 3507 1052 3566 τῶν
1076 3501 1255 3587 ε’φυμιὴου,

85 3605 142 3676 ὅτι
172 3609 211 3676 τὰ
248 3613 309 3693 μὲν
337 3610 481 3696 ε’φύμνια
509 3610 545 3675 ἐκ
573 3616 739 3703 περιττοῦ,
769 3606 808 3682 ὡς
836 3608 916 3694 πρὸς
939 3605 975 3674 τδ
1000 3607 1193 3694 λεγόμενον,
1217 3615 1257 3698 τῇ

85 3723 211 3807 στροφῇ
234 3716 437 3804 πρόσκειται,
467 3714 505 3783 τά
535 3719 569 3783 δὲ
601 3712 869 3802 ἐπιφθεγματικὰ
894 3711 1056 3801 καὶπρὸς
1080 3722 1159 3780 νοῦν
1184 3737 1255 3781 σον-

83 3829 181 3910 τελεῖ,
206 3813 278 3889 οἷον
300 3824 337 3889 τύ
362 3827 565 3907 Βακχυλίδου
589 3826 718 3910 (Bergk
743 3829 799 3907 25)

190 3919 210 4019 ἦ
234 3930 331 4005 καλὸς
356 3930 545 4017 Θεόκριτος,
570 3926 610 3995 ου’
631 3929 733 4014 μόνος
756 3925 949 4017 ανθρώπων
972 3928 1058 4016 ἐρᾷς,

84 4042 140 4102 καὶ
164 4037 267 4103 πάλιν
290 4035 382 4123 παρὰ
403 4045 447 4126 τῷ
471 4033 557 4125 αύτῷ
580 4040 764 4127 Βακχυλίδῃ
789 4039 918 4124 (Bergk
943 4043 997 4110 26)

190 4141 229 4209 σύ
252 4143 321 4210 δ’ἑν
345 4152 458 4226 χιτῶνι
481 4144 593 4232 μούνῳ
623 4142 714 4230 παρὰ
744 4144 803 4230 τὴν
830 4146 929 4232 φίλην
959 4152 1098 4224 γυναῖκα
1125 4143 1255 4226 φεύγεις

82 4257 186 4321 Recte
223 4257 307 4321 enlm
347 4257 394 4320 sic
434 4257 608 4334 Westpbal
647 4257 774 4322 tradita
813 4257 916 4322 verba
956 4256 1137 4321 mutaviSse
1173 4256 1253 4319 mihi

83 4382 213 4442 quoque
239 4383 311 4428 cum
337 4364 483 4428 ChrIstio
508 4363 648 4444 (Metrik
672 4383 703 4441 p.
729 4359 807 4448 650)
832 4363 976 4430 videtur.
1022 4363 1102 4427 Nam
1127 4362 1254 4427 tradita
