3130 5206
810 411 1027 469 -4q.

438 601 491 666 Ita
515 602 578 691 hoc
604 601 708 679 primo
733 601 806 665 loco
824 602 889 665 viri
907 601 1008 682 docti,
1026 602 1080 679 qui
1101 602 1310 682 ephymnium
1330 610 1507 680 reponunt„

331 708 460 772 frustra
499 717 609 786 aptam
652 707 891 773 sententiarum
934 709 1218 773 continuationem
1255 703 1405 774 statuere
1437 717 1507 772 stu·

332 815 491 894 duerunt;
527 817 630 880 tertio
674 833 833 879 conexum
874 834 1011 894 prorsus
1052 817 1184 880 turbari
1218 817 1275 882 viu
1312 833 1506 895 quemquam

332 923 448 1000 fugere
484 930 596 1000 potest
633 923 697 987 nisi
733 923 805 1002 quis
831 923 1122 988 Wilamowitzium
1153 925 1306 1002 sequitur
1336 923 1387 1000 (de
1412 925 1507 987 cuium

272 1091 274 1096 .
332 1031 500 1094 sententia
524 1049 626 1108 supra
651 1027 731 1114 egi).
778 1029 889 1095 Nihilo
914 1031 1023 1094 secius
1049 1029 1211 1110 quomodo
1237 1032 1342 1095 ceteri
1373 1032 1508 1111 eplrym-

331 1135 418 1200 nium
455 1137 648 1202 restitutum
683 1137 870 1218 defendant,
906 1145 1017 1204 utrum
1053 1137 1203 1202 adhibito
1239 1138 1298 1202 illo
1335 1131 1366 1221 ἰὴ
1399 1132 1508 1198 aanor

332 1244 579 1322 Aristophaneo
615 1263 656 1308 an
692 1245 802 1325 aliter,
838 1245 967 1323 nesci03
1003 1245 1178 1310 Wecklein
1214 1247 1268 1310 hic
1302 1245 1341 1309 de
1366 1246 1425 1310 illo
1452 1245 1507 1308 ad-

332 1351 502 1425 miniculo,
537 1358 575 1416 ut
609 1350 761 1428 videtur,
796 1351 975 1430 desperans
1004 1352 1086 1416 haec
1111 1353 1221 1433 habet,
1246 1360 1283 1417 ut
1307 1353 1380 1416 eins
1404 1353 1507 1418 verba

332 1457 466 1522 afferam
491 1458 553 1536 (ed.
580 1458 733 1522 Orestiae
758 1458 853 1524 adv.
881 1459 994 1539 1566);
1042 1457 1176 1523 Dades
1202 1459 1420 1540 Ephymniunr
1445 1477 1508 1523 nur

333 1566 407 1629 eine
433 1546 697 1643 Wiederholung
734 1565 789 1646 ist,
827 1566 985 1630 schliesst
1021 1567 1092 1630 sich
1122 1565 1175 1630 dle
1200 1566 1424 1644 Erwiderung
1450 1567 1507 1630 der

332 1672 426 1752 Klyt.
456 1690 496 1736 an
531 1672 589 1736 das
622 1672 904 1752 Vorhergehende
936 1692 988 1737 an.
1036 1674 1128 1738 Beim
1154 1674 1304 1752 Vortrag
1328 1673 1411 1739 wind
1436 1673 1506 1738 dies

333 1778 479 1843 daduroh
516 1778 601 1860 kim,
638 1778 714 1843 dass
750 1779 842 1860 Klyt.
879 1780 952 1844 sich
990 1780 1061 1845 dem
1098 1781 1192 1845 Teilo
1217 1781 1274 1846 des
1299 1782 1426 1846 Chores
1451 1800 1505 1845 nu-

333 1885 474 1967 pendet,
500 1886 559 1950 der
585 1890 802 1951 1559—1565
828 1892 884 1964 (z
901 1894 967 1951 ant.
986 1884 1016 1972 ε)
1040 1905 1212 1966 gesungen
1241 1888 1308 1955 hat.
1362 1884 1505 1970 (Similia

333 1995 450 2058 Fleck.
475 1994 530 2058 Jb.
556 1995 664 2072 suppl.
688 1993 783 2074 XIII,
802 2014 833 2072 p.
852 1993 939 2075 231).
987 1994 1051 2058 Sed
1075 2013 1172 2074 quam
1201 1997 1284 2060 bene
1313 2001 1505 2074 responsum

333 2101 597 2182 Clytaemestrae
636 2101 780 2165 secundo
821 2102 895 2166 loco
938 2100 979 2165 ad
1020 2103 1231 2183 ephymnium
1267 2121 1302 2167 se
1349 2104 1503 2182 applicet,

333 2226 517 2286 quanquam
554 2207 588 2271 id
623 2207 729 2286 ipsum
766 2227 896 2287 quoque
932 2227 1022 2272 mera
1063 2210 1265 2288 repetitione
1303 2211 1503 2288 continetur,

332 2333 396 2380 non
422 2313 463 2378 ad
499 2333 548 2395 ea,
584 2333 667 2394 quae
704 2315 918 2397 praecedunt,
955 2316 1108 2382 vidimus.
1156 2317 1339 2382 Praeterea
1375 2317 1504 2382 etiamsi

333 2428 460 2485 certum
485 2431 585 2502 esset,
611 2421 698 2500 quod
723 2422 855 2501 (Fleck.
879 2423 935 2487 Jb.
960 2423 982 2487 l.
1008 2424 1045 2501 l.)
1070 2425 1205 2504 statuit,
1236 2426 1390 2504 strophas
1420 2426 1502 2488 anti·

333 2531 553 2609 strophasque
570 2548 601 2610 α,
618 2549 645 2612 γ,
664 2548 679 2589 ε
702 2531 804 2594 trium
829 2531 986 2594 carminis
1011 2532 1156 2610 partium
1181 2531 1374 2612 deincepsa
1396 2533 1503 2597 tribus

332 2637 470 2713 σοοίχοος
487 2637 580 2701 chori
598 2645 748 2702 cantatas
766 2656 889 2702 esse-
907 2640 994 2718 quod
1011 2640 1144 2704 minime
1162 2648 1288 2704 certum
1306 2647 1373 2724 est;
1392 2640 1504 2704 confer

271 2783 274 2788 ι
334 2763 418 2823 quae
435 2753 552 2808 contra
570 2744 653 2810 dicit
668 2745 753 2809 Mnff
766 2742 897 2828 (Fleck.
914 2747 969 2811 Jb.
990 2752 1073 2811 1883
1092 2767 1123 2825 p.
1135 2747 1268 2829 25sqq.)
1286 2783 1328 2790 -
1346 2765 1503 2825 quaeren-

333 2851 408 2915 dum
433 2858 534 2932 esset,
551 2871 627 2915 nurn
643 2851 716 2916 fieri
731 2853 889 2933 potuerit,
908 2861 944 2917 nt
961 2853 1206 2934 Clytaemestra
1222 2855 1336 2919 verbis
1361 2849 1392 2922 ἐς
1415 2848 1503 2914 τόνδ’

333 2953 442 3039 ἐνέβης
467 2951 526 3030 ξὺν
550 2951 694 3040 a'lq‘dec'q
720 2953 862 3040 χρησμόν
893 2961 1030 3025 tertium
1054 2965 1182 3036 στοῖχον
1207 2961 1410 3039 compellans
1441 2979 1502 3024 non

333 3073 439 3130 totum
465 3067 600 3130 chorum
626 3067 825 3144 compellare
850 3067 1032 3132 videretur.
1080 3072 1129 3132 Ac
1154 3069 1271 3132 mIrum
1300 3074 1390 3132 esset
1421 3065 1502 3146 qnod

333 3181 427 3238 certa
449 3173 640 3252 traditaque
676 3175 825 3252 exempla
861 3175 992 3238 omnino
1027 3195 1090 3240 non
1130 3193 1198 3239 eam
1230 3175 1393 3240 rationem
1417 3195 1502 3240 mon-

333 3289 462 3358 strant;
497 3299 570 3344 narn
607 3289 787 3361 systemate
805 3282 839 3346 II
874 3281 914 3346 ad
951 3283 1125 3362 systemal
1150 3292 1184 3347 et
1208 3285 1370 3361 partemii
1392 3282 1501 3360 (simol

333 3396 443 3452 tamen
468 3387 568 3452 etiam
593 3388 632 3452 ad
658 3390 826 3466 stropham
842 3387 887 3472 α),
912 3398 1093 3470 systemate
1107 3391 1153 3455 IV
1178 3389 1218 3454 ad
1244 3391 1455 3470 systemaIll
1472 3397 1502 3452 ot

334 3496 504 3572 stropham
529 3493 556 3576 d,
590 3496 843 3576 antisystomate
864 3497 911 3561 IV
943 3497 983 3560 ad
1015 3498 1258 3576 antistropham
1272 3496 1299 3577 d,
1324 3505 1501 3578 systemate

335 3602 381 3666 VI
405 3601 445 3665 ad
470 3609 616 3682 systema
631 3603 657 3665 V
682 3610 716 3666 et
739 3610 867 3680 partem
882 3605 909 3685 ζ,
933 3605 1084 3667 omnibus
1109 3603 1250 3682 denique
1275 3605 1326 3668 lris
1357 3604 1441 3668 locis
1464 3601 1500 3668 ad

334 3728 383 3789 ea,
409 3727 493 3786 quae
518 3711 666 3786 proxime
691 3709 901 3792 aritecednnt
925 3712 1044 3790 regina
1067 3711 1257 3792 respondet,
1275 3711 1314 3775 ad
1333 3730 1372 3775 ea
1389 3713 1501 3790 igitur,

335 3834 473 3894 quorum
505 3817 695 3894 posteriora
727 3820 768 3898 (β,
803 3819 941 3895 stropha
972 3819 1247 3897 antistrophaque
1269 3818 1296 3897 d,
1319 3818 1349 3902 ζ)
1381 3839 1399 3883 a
1433 3826 1500 3884 toto

335 3924 437 3986 choro
462 3930 595 3987 cantata
620 3942 692 3988 esse
717 3925 788 4002 ipse
814 3925 985 3990 Wecklein
1010 3925 1191 3991 contendit.

442 4047 532 4128 Quae
558 4067 630 4112 oum
666 4051 713 4114 ita
749 4050 826 4130 sintq
860 4051 994 4115 iteratis
1034 4052 1220 4132 ephymniis
1256 4050 1500 4130 compositionis

334 4155 472 4218 formam
497 4154 642 4220 fortasse
666 4157 847 4237 meliorem,
872 4159 1112 4222 sententiarum
1135 4146 1417 4223 continuationem
1433 4159 1500 4221 sine

335 4261 434 4325 durbia
468 4263 615 4340 peiorem
646 4263 872 4328 reddiderunt.
922 4265 1052 4329 Addere
1085 4266 1164 4329 milri
1199 4267 1300 4330 liceat
1336 4269 1499 4345 quaedam,

335 4388 418 4449 quae
454 4369 591 4435 minoris
627 4371 768 4454 qudem,
805 4371 863 4437 sed
898 4380 1008 4439 tamen
1044 4374 1206 4454 aliquanti
1243 4393 1317 4440 esse
1349 4371 1500 4440 momenti
