3130 5206
755 403 974 463 -1p.

276 595 385 658 tribus
409 595 591 658 maioribus
618 596 768 673 partious
794 603 935 675 constat,
957 613 1093 672 (prmum
1113 597 1220 673 prima
1237 597 1457 672 anapaestico

276 709 459 782 systemata
484 704 643 782 eontinet,
667 703 771 766 tertia
788 703 931 780 quinque
949 703 1159 779 stropharum
1184 703 1288 781 paria,
1311 704 1457 766 maxime

276 808 467 872 trochaicae
503 816 537 872 et
571 809 733 873 iambicae
767 808 907 886 l'ermae3
943 808 1087 872 secunda
1120 816 1229 873 autem
1261 811 1457 888 estropha,

278 916 496 995 antistropha,
523 915 627 995 epodo
652 916 852 995 composita,
888 915 1067 994 praecipue
1105 916 1307 995 dactylicum
1332 917 1456 996 rhyth·

278 1041 363 1086 mum
403 1039 541 1086 servans
579 1023 634 1087 vel
674 1040 713 1086 eo
754 1022 875 1090 ceteris
915 1023 1104 1101 antecellit,
1130 1021 1215 1101 quod
1242 1024 1458 1102 antistropha

278 1137 312 1192 et
347 1128 472 1206 epodus
508 1129 659 1193 ultimum
695 1130 852 1208 strophae
882 1147 1014 1194 versum
1050 1136 1217 1207 repetunt.
1288 1131 1458 1193 Narratur

278 1255 317 1300 ea
356 1244 545 1314 portentum
585 1236 678 1316 illud,
719 1236 805 1314 quod
845 1237 1009 1300 exercitui
1047 1236 1086 1299 ad
1125 1237 1246 1300 bellum
1297 1237 1450 1314 proticis-

278 1344 366 1406 centi
413 1341 597 1421 acciderat;
643 1343 723 1407 daras
767 1343 853 1407 enirn
899 1343 1030 1422 aquilas
1075 1352 1213 1421 repento
1258 1363 1277 1407 a
1313 1343 1457 1407 dextera

278 1448 367 1514 visas
392 1449 564 1528 gravidam
590 1450 736 1528 leporem
761 1451 1021 1532 exenteravisse,
1048 1451 1264 1528 praenuntias
1293 1450 1455 1514 delendae

278 1556 407 1635 quidem
424 1557 556 1637 Troiae,
582 1557 639 1620 sed
664 1557 763 1620 etiam
790 1556 1035 1620 contrahendae
1053 1558 1123 1621 irae
1139 1557 1276 1622 Dianae.
1307 1557 1456 1636 Ephym-

278 1664 367 1727 nium
394 1671 446 1727 est
468 1664 547 1727 hoe:
1021 1678 1026 1685 ·

496 1766 624 1831 αἴλινον
648 1766 775 1832 αἴλινον
800 1765 884 1850 εἰπέ,
909 1762 945 1831 τὸ
971 1753 1039 1832 δἐῧ
1063 1765 1193 1835 νικάτω.

279 1879 358 1942 Cum
388 1879 580 1941 narratione
612 1877 758 1955 prodigii
790 1879 863 1955 ipsa
891 1879 1023 1941 omnino
1058 1897 1121 1942 non
1152 1879 1319 1957 cohaeret,
1349 1877 1452 1942 etad

280 1986 449 2062 stropham
465 1992 563 2063 atque
577 1985 820 2063 antistropham
836 1985 929 2063 quasi
945 1985 1100 2048 alicnium
1115 1985 1240 2062 aliquid
1254 1985 1400 2062 aceedit3
1418 1994 1456 2047 at

279 2091 335 2154 fini
360 2091 468 2172 epodi,
494 2100 570 2169 post
593 2110 710 2158 versus
735 2092 776 2156 ad
800 2100 904 2156 tetam
922 2109 990 2155 rem
1014 2098 1202 2155 enarratam
1218 2093 1453 2170 respicientes,

280 2206 346 2262 tam
382 2199 474 2262 firme
509 2199 698 2264 adiunctum
734 2208 794 2279 est,
831 2205 869 2262 ut
903 2217 975 2262 cum
1012 2198 1229 2262 antecedente
1263 2217 1363 2262 versu
1386 2203 1456 2266 τοῖς

279 2297 487 2384 δ’ὁμόφωνον
512 2325 608 2370 unam
634 2305 758 2370 efficiat
783 2305 1054 2370 enuntiationem.
1091 2305 1202 2369 Nihilo
1225 2306 1331 2370 minus
1354 2307 1453 2369 etiam

280 2413 385 2490 primo
422 2413 495 2476 loco
535 2413 745 2492 secundoque
782 2414 953 2490 aptissime
990 2413 1134 2490 positum
1169 2421 1235 2476 est:
1278 2414 1327 2476 eis
1368 2413 1452 2476 enim

280 2521 444 2584 erationis
484 2521 676 2585 intervallis
714 2528 785 2583 tres
824 2529 948 2599 partes,
990 2520 1024 2582 iu
1064 2538 1145 2597 quas
1175 2527 1291 2597 aperte
1321 2537 1453 2583 carmen

281 2626 490 2692 dividendum
538 2636 604 2708 est,
641 2627 857 2691 dirimuntur:
897 2627 1005 2704 ipsum
1040 2634 1231 2702 portentum
1275 2623 1453 2708 (stropha),

282 2735 474 2800 Calchantis
503 2735 742 2812 interpretatio
778 2730 1027 2817 (antistropha),
1071 2734 1261 2798 Calchantis
1301 2734 1453 2811 precatio

282 2838 479 2923 (epodus)¹).
527 2842 702 2918 Propriam
727 2849 836 2904 autem
872 2840 1040 2920 ephymnii
1075 2841 1153 2920 vim,
1189 2859 1272 2919 qnae
1305 2841 1454 2919 postulat

282 2956 319 3012 nt
343 2949 373 3010 ei
398 2947 506 3011 subsit
539 2948 638 3010 animi
673 2955 782 3011 status
808 2935 922 3011 ¹totins
959 2947 1112 3011 carminis
1148 2966 1273 3010 summa
1306 2947 1453 3029 effeetus,

283 3055 337 3119 hic
373 3055 495 3132 optime
532 3061 698 3119 servatam
729 3053 889 3118 videmus.
937 3055 981 3119 Ut
1010 3054 1093 3122 enim
1119 3054 1309 3133 prodigium
1333 3055 1453 3132 partim

283 3162 405 3226 laetum
442 3169 493 3225 est
528 3156 674 3242 (aquilae
710 3180 729 3224 a
765 3160 903 3225 dextera
938 3158 1164 3242 apparentes),
1200 3163 1322 3238 partim
1356 3161 1454 3224 triste

284 3266 393 3350 (lepus
417 3287 605 3346 praegnans
630 3266 850 3351 exenterata),
875 3277 975 3347 atque
1000 3267 1074 3331 ideo
1093 3269 1233 3333 Calchas
1252 3269 1454 3334 vaticinatur·

284 3375 448 3438 excidium
485 3374 617 3454 quidem
651 3375 783 3456 Troiae,
818 3375 876 3438 sed
911 3383 987 3439 ante
1019 3374 1052 3438 id
1076 3394 1131 3439 res
1156 3374 1314 3440 adversas
1340 3393 1380 3438 ex
1404 3376 1454 3438 ira

284 3482 411 3545 Dianae
452 3490 698 3561 consecuturas
739 3490 838 3560 atque
879 3489 1045 3562 precatur,
1086 3490 1123 3545 ut
1161 3483 1316 3547 vaticinii
1346 3480 1454 3545 fausta

284 3589 449 3668 eveniant,
474 3587 621 3652 infausta
645 3597 832 3669 arceantur,
857 3589 905 3652 ita
929 3589 1104 3668 ephymnio
1129 3588 1226 3653 simul
1250 3607 1354 3666 pavor
1378 3588 1452 3652 mali

284 3705 427 3763 eventus
449 3713 592 3774 spesque
616 3697 688 3761 sive
712 3703 827 3760 votum
851 3696 928 3759 honi
954 3697 1195 3773 exprimuntur.

390 3803 458 3867 lam
484 3804 512 3866 si
538 3803 727 3880 quaerimus
752 3822 816 3881 qua
840 3803 932 3866 chori
961 3802 1201 3866 distributione
1230 3803 1292 3866 hoc
1324 3820 1453 3866 carmen

285 3911 331 3973 sit
347 3917 525 3990 cantatum,
544 3917 698 3973 constare
711 3909 844 3974 videtur
860 3909 999 3986 primum
1017 3908 1164 3972 eiusdem
1181 3909 1248 3982 (vel
1261 3905 1451 3990 eorundem)

286 4034 359 4079 esse
384 4018 566 4098 stropham,
591 4018 844 4096 antistropham,
862 4016 1016 4094 opedam,
1039 4035 1112 4080 nam
1131 4024 1249 4094 coepta
1263 4016 1452 4080 Calchantis

286 4124 319 4187 in
344 4123 554 4201 antistropha
579 4125 685 4188 oratio
710 4125 745 4187 in
770 4123 874 4201 epodo
899 4124 1013 4187 finitur
1037 4141 1141 4202 neque
1159 4123 1350 4187 distributis
1368 4124 1453 4186 inter

393 4297 420 4369 l)
441 4301 510 4356 Cum
530 4303 571 4357 eie
592 4301 666 4357 onim
687 4300 772 4367 faeie,
793 4301 839 4369 qui
859 4319 885 4355 v.
907 4302 958 4355 150
978 4300 1050 4354 αἰτεῖ
1067 4306 1099 4354 ut
1112 4300 1255 4368 glossema
1269 4297 1327 4368 (vel
1342 4319 1452 4373 παρεπι-

286 4381 419 4463 ypopp'v‘l
439 4391 613 4459 Wecklein),
634 4415 666 4435 =
686 4394 828 4461 precatur,
848 4390 956 4446 delent.
