3130 5206
644 461 675 470 ...
733 419 773 490 4¹,ss
849 464 856 470 .

158 614 377 681 invocatione
408 618 571 684 Mercurii
606 619 789 702 diremptae
813 625 889 690 sint.
938 627 1010 691 Non
1034 627 1119 692 idem
1144 630 1339 708 repetitioni

158 723 317 804 parties

297 825 362 896 ἒέ.

297 935 366 1019 πρὸ
392 937 427 1002 δὲ
451 935 490 1025 δὴ
515 934 641 1023 'phocis
664 938 722 1006 τὸν
747 940 872 1008 ἔσωθεν
895 943 1081 1032 μελάθρων,
1106 953 1181 1032 Zeti,

297 1031 366 1112 θές,
392 1025 469 1092 ἐπεί
491 1053 544 1093 νιν
567 1036 671 1112 μέγαν
694 1029 784 1116 ἄρας,

295 1135 416 1215 δίδυμα
441 1141 498 1200 καί
519 1138 642 1220 τριπλᾶ
664 1139 787 1220 παλίμ-
877 1173 879 1177 ·

296 1265 400 1306 nocua
423 1244 531 1308 θέλων
554 1239 695 1332 ἀμείψει

156 1376 252 1444 (post
276 1369 516 1461 antistropham
543 1373 694 1454 primam)
711 1375 796 1439 vitio
812 1384 924 1453 potest
940 1378 1039 1458 verti,
1065 1397 1136 1442 cum
1155 1381 1209 1445 hic
1229 1389 1335 1446 totum

53 1487 65 1497 ·
154 1476 375 1553 stropharum
402 1497 463 1556 par
486 1479 691 1546 invocationi
714 1482 813 1547 lovis
838 1481 982 1548 deditum
1008 1485 1063 1548 sit.
1101 1486 1236 1553 Dixerit
1260 1490 1336 1567 quis

155 1583 233 1646 iure
258 1592 391 1662 poetam
417 1587 603 1676 Apollinem
628 1589 681 1652 bis
705 1589 853 1655 invocari
879 1590 1019 1656 fecisse:
1054 1593 1132 1670 quia
1169 1595 1209 1658 ab
1234 1597 1335 1673 Apol-

155 1689 226 1754 line
253 1692 394 1758 Orestes
419 1694 553 1759 caedem
577 1695 737 1774 perficere
761 1697 872 1762 iussus
889 1699 945 1779 sit,
962 1707 1088 1765 tantam
1107 1719 1196 1792 prae
1212 1703 1335 1766 ceteris

154 1796 231 1862 deis
256 1796 387 1865 laudem
413 1803 444 1865 ei
470 1802 510 1866 de
534 1803 700 1867 industria
723 1803 838 1868 tribui.
878 1805 941 1870 Sed
966 1807 1045 1871 huic
1068 1809 1119 1871 rei
1145 1808 1244 1872 ullam
1267 1810 1334 1875 vim

152 1904 269 1969 inesse
305 1925 410 1988 nego,
446 1927 518 1973 cum
540 1928 589 1973 ¹co
616 1911 797 2005 Apollinis
816 1912 986 1976 invocatio
1017 1931 1097 1992 prae
1122 1917 1245 1979 ceteris
1269 1935 1334 1980 non

152 2012 265 2076 minus
301 2014 462 2080 distincta
498 2033 571 2080 esse
607 2017 770 2098 videatur,
807 2019 893 2096 quod
929 2020 1148 2084 excellentem
1191 2023 1225 2086 in
1260 2031 1333 2088 toto
1430 2095 1434 2102 ,
1462 2089 1466 2096 ,

152 2127 304 2190 carmine
340 2125 447 2190 locum
492 2132 602 2204 tenet,
638 2123 792 2205 medium,
829 2125 1074 2204 antistrophica
1117 2129 1332 2206 responsione

151 2234 288 2298 omnino
315 2238 495 2298 carentem.

263 2340 328 2405 Sed
354 2347 494 2404 conatur
519 2339 740 2404 Wilamowitz
765 2348 994 2419 argumentum
1012 2341 1142 2423 afferre,
1160 2361 1224 2421 quo
1242 2362 1329 2407 com·

151 2449 318 2526 probetur
342 2447 518 2527 ephymnia
542 2447 575 2510 in
599 2447 661 2510 hoc
685 2447 830 2512 carmine
855 2447 969 2512 deesse
994 2467 1057 2513 non
1082 2467 1191 2526 posse.
1240 2451 1332 2516 llicit

150 2557 240 2642 enim
267 2555 428 2621 adverbia
451 2553 650 2632 temporalia
673 2549 746 2615 τότε
769 2549 830 2637 ἤδη
854 2555 945 2620 initii
968 2557 1093 2620 tertiae
1117 2557 1274 2635 strophae
1288 2557 1331 2638 (c)
1380 2579 1381 2583 ¹

150 2666 186 2726 in
213 2663 428 2740 antistropha
451 2660 596 2726 secunda
613 2663 658 2739 (y)
682 2679 747 2724 non
771 2662 894 2726 habere
920 2681 983 2742 quo
1009 2662 1201 2729 referantur
1224 2683 1330 2742 neque

149 2768 310 2848 intellegi
343 2769 406 2833 nisi
438 2769 585 2847 repetita
610 2775 704 2846 parte
737 2767 764 2848 d,
789 2769 823 2832 in
848 2787 912 2847 qua
937 2770 1098 2834 eiusmodi
1121 2779 1251 2849 tempus
1276 2789 1330 2836 cx·

147 2991 247 3036 tamen
269 2982 400 3048 recurrit,
421 2981 592 3050 simulatque
607 2983 642 3035 de
655 2981 712 3036 elio
735 2981 832 3050 aliquo
853 2982 908 3035 deo
932 2983 1084 3051 cogitatur.
1122 2981 1179 3038 Sed
1201 3001 1272 3053 quae
1286 3001 1332 3048 en-¹

147 3075 261 3142 planat,
288 3072 356 3126 mihi
382 3071 637 3140 persuaderenon
662 3076 829 3139 potuerunt.
879 3070 950 3125 Nam
969 3072 1048 3140 quod
1067 3072 1147 3140 dicit,
1168 3089 1330 3143 quanquam

146 3162 260 3232 Apollo
290 3163 314 3214 is
344 3163 390 3226 sit,
420 3162 468 3230 qui
498 3160 628 3214 Orestem
657 3161 692 3213 ad
713 3161 828 3214 caedem
857 3160 1040 3230 compulerit.
1065 3161 1101 3215 ab
1120 3162 1212 3231 ipsius
1233 3163 1329 3217 caedis

143 3245 253 3326 μύσους
281 3258 377 3305 tamen
407 3269 469 3305 eum
498 3251 597 3315 arceri,
627 3250 782 3320 dolendum
801 3255 846 3304 est
866 3251 941 3319 quod
963 3267 1024 3304 cam
1044 3268 1102 3304 rem
1120 3253 1328 3320 pronuntiavit,

143 3360 207 3396 non
228 3339 418 3395 confirmavit.
450 3341 515 3394 Non
526 3339 620 3406 video,
632 3356 682 3392 cur
698 3339 834 3407 luppiter
852 3331 881 3393 et
893 3339 1052 3395 Mercurius
1070 3332 1152 3411 μύσει
1171 3341 1267 3394 caedis
1288 3342 1329 3394 in-

145 3432 261 3502 quinari
280 3431 439 3498 potuerint,
450 3428 557 3496 Apollo
570 3446 627 3482 non
647 3429 782 3497 potuerit,
803 3429 970 3498 praesertim
991 3446 1056 3482 eum
1068 3429 1144 3497 apud
1154 3426 1327 3498 Sophoclem

144 3539 266 3592 quoque
298 3519 415 3589 Apollo,
447 3524 479 3572 ut
507 3518 613 3573 auxilio
646 3518 725 3572 iuvet
758 3517 888 3573 Orestem
920 3519 1100 3588 propositum
1120 3517 1327 3587 perficientem,

145 3615 303 3666 invocetur
333 3607 380 3678 (ab
409 3609 532 3674 Electra,
554 3603 751 3676 v.1376sqq.).
787 3606 883 3676 Atque
903 3625 997 3662 errare
1017 3607 1085 3660 mihi
1104 3608 1220 3663 videtur
1238 3608 1327 3662 Wila-

145 3701 272 3765 mowitz,
305 3701 328 3753 si
362 3700 433 3752 dicit
466 3691 578 3770 στόμιον
606 3697 711 3751 ceteris
743 3695 913 3765 Aeschyleis
945 3697 1018 3751 locis
1044 3713 1107 3751 esse
1127 3696 1249 3760 frenum,
1268 3717 1326 3753 non

145 3792 265 3846 ostium.
291 3789 361 3843 Nam
381 3789 410 3840 in
431 3787 590 3856 fragmento
610 3785 661 3840 185
682 3785 861 3853 (Wecklein3
879 3785 1023 3839 Hermann
1037 3781 1100 3852 195)
1120 3785 1194 3840 illud
1212 3788 1326 3856 quidem

146 3898 215 3935 esse
235 3897 293 3933 non
313 3883 420 3946 potest.
453 3877 553 3945 Neque
574 3893 646 3945 quae
665 3880 813 3944 praeterea
832 3873 915 3930 affert
935 3875 1004 3929 satis
1024 3875 1123 3930 valent
1142 3881 1243 3930 eontra
1263 3877 1326 3945 hoc,

146 3986 207 4042 qno
227 3987 289 4024 mea
308 3969 424 4037 quidem
445 3967 590 4020 sententia
609 3965 762 4018 discrimen
783 3965 866 4018 huius
881 3965 1059 4034 quaestionis
1073 3965 1253 4020 continetur:
1267 3985 1326 4021 non

144 4061 280 4131 potuisse
307 4063 376 4126 puto
403 4075 419 4111 a
448 4056 547 4122 choro,
575 4055 599 4107 si
628 4056 712 4108 modo
733 4073 749 4108 a
769 4055 831 4108 deis
850 4054 986 4108 auxilium
1006 4054 1187 4123 implorabat,
1206 4074 1264 4110 non
1285 4057 1326 4108 in-

145 4151 247 4206 vocari
268 4166 331 4203 eum
351 4148 443 4206 deum.
463 4146 544 4198 cuius
564 4144 592 4197 in
613 4145 691 4198 iusso
712 4145 894 4213 exsequendo
915 4149 978 4199 tota
990 4145 1061 4198 haec
1076 4144 1172 4198 fabula
1185 4149 1325 4200 versetur.

145 4241 220 4294 Nam
248 4238 402 4292 audieruut
430 4234 584 4288 choreutae
614 4232 745 4288 Orestem
771 4233 892 4302 stipsis
913 4239 942 4288 et
962 4234 1055 4288 sorori
1075 4239 1267 4302 exponentem
1287 4231 1324 4302 (v.

145 4325 303 4394 ars-295)
323 4343 354 4380 se
374 4325 451 4394 quod
470 4324 499 4376 in
518 4323 613 4386 animo
631 4321 750 4378 haberet
770 4321 865 4378 facere
884 4322 1032 4392 Apollinis
1052 4323 1187 4392 Delphici
1207 4322 1322 4378 oraculo

145 4435 213 4473 esse
233 4418 350 4470 iussum.
