3130 5206
798 431 993 502 g

307 640 410 704 verba
433 656 573 716 prorsus
599 638 804 701 eontrarium
828 625 995 703 statuunt:
1022 635 1208 716 ephymniis
1237 635 1337 698 etiam
1371 633 1485 698 sensui

307 747 386 812 novi
422 745 550 824 aliquid
587 744 686 822 adici,
722 743 1219 822 epiphtlregmaticastrophae
1249 743 1343 821 quasi
1370 760 1487 819 super-

309 872 455 919 vacanea
479 853 565 917 addi.
602 851 665 917 Sed
691 871 774 930 quae
792 870 894 929 supra
918 870 959 915 ex
984 852 1093 930 capite
1112 851 1283 914 undecimo
1309 850 1487 928 exscripsi,

309 963 375 1025 loci
406 980 488 1040 qnos
517 962 590 1039 ipse
621 960 823 1038 Hephaestio
853 959 951 1023 affert
980 957 1205 1038 Bacchylidei,
1236 957 1378 1036 deniquo
1402 975 1488 1036 quae

311 1070 563 1147 insequentibus
599 1068 714 1132 verbis
751 1068 919 1146 explanat,
956 1068 984 1129 61
1019 1065 1362 1144 epiplrthegmaticum
1403 1065 1488 1128 66616

313 1194 465 1253 magnum
491 1177 537 1239 sit
561 1181 598 1238 ut
621 1192 681 1251 per
705 1192 741 1237 66
766 1193 884 1240 novam
909 1176 1079 1253 stropham
1106 1173 1238 1238 allicere
1255 1174 1373 1252 possit,
1391 1172 1488 1250 gigni

312 1283 398 1361 quod
428 1291 568 1347 vocetur
596 1275 742 1365 σύστημα
771 1273 853 1342 acc-oi
884 1275 1072 1362 περικοπὴν
1101 1272 1338 1360 ἀνομοιομερὲς
1368 1277 1487 1360 (torma

312 1409 332 1450 α
353 1391 411 1468 βα
431 1389 474 1468 β),
515 1388 744 1453 demonstrant
783 1389 968 1466 Westphali
1009 1389 1225 1453 mutationem
1266 1405 1338 1452 esse
1379 1403 1489 1450 emen-

311 1495 488 1560 dationem.
531 1496 735 1572 Hephaestio
760 1496 875 1575 igitur,
912 1503 956 1576 et,
994 1495 1079 1572 quod
1104 1497 1160 1559 vix
1185 1493 1401 1558 dubitandum
1426 1501 1488 1572 est,

312 1604 369 1666 alii
400 1603 532 1666 metrici
562 1603 746 1679 scriptores
776 1603 954 1684 ephyrnnia
982 1622 1039 1666 cos
1071 1609 1198 1666 tantum
1233 1619 1350 1667 versus
1384 1602 1490 1665 inter-

315 1710 443 1773 calares
477 1710 743 1787 appellaverunt,
785 1711 839 1788 qui
881 1710 921 1775 ad
951 1711 1217 1788 antiquissimum
1252 1710 1490 1787 propriumque

312 1834 433 1879 morem
466 1818 614 1894 proxime
643 1817 846 1881 accedebant
876 1819 1126 1895 simplicemque
1155 1818 1188 1880 in
1214 1817 1344 1880 modum
1368 1817 1490 1880 breves

313 1923 574 1988 exclamationes
609 1925 816 2001 repetebant.
865 1923 928 1988 Sed
966 1925 1175 2005 eplrymnium
1213 1923 1299 2002 apud
1333 1925 1491 2000 antiquos

314 2031 415 2094 etiam
450 2032 642 2109 ampliorem
672 2031 949 2108 significatione-m
979 2033 1101 2095 hahere
1135 2033 1247 2110 potuit
1274 2038 1373 2108 atque
1403 2048 1491 2092 com-

313 2138 416 2217 plecti
456 2138 538 2201 illud
576 2140 681 2216 magis
718 2139 935 2230 artificiosum
972 2157 1077 2216 genus
1114 2158 1177 2216 quo
1213 2139 1364 2217 integrae
1389 2155 1491 2200 enun-

314 2247 476 2311 tiationes
501 2245 628 2323 aliquid
652 2265 773 2310 novum
798 2246 910 2310 sensui
934 2245 1066 2326 addant,
1091 2254 1128 2309 ut
1146 2245 1354 2326 ephymnium
1374 2253 1491 2308 nostro

317 2353 400 2417 artis
436 2354 588 2430 poeticae
622 2353 783 2417 vocabulo
820 2352 1357 2434 ,116166166166666666661666.
1395 2350 1490 2432 Quod

316 2461 457 2524 scholiis
486 2469 659 2536 poetarum
688 2461 895 2524 scenicorum
926 2461 1171 2539 comprobatur,
1205 2461 1261 2523 uhi
1295 2478 1360 2523 non
1394 2458 1490 2522 modo

316 2568 356 2631 ad
382 2567 559 2646 ephymnia
571 2567 842 2647 Hephaestionis
868 2565 925 2629 sed
950 2585 1015 2630 non
1040 2584 1117 2630 raro
1143 2566 1307 2630 etiamad
1333 2585 1382 2644 ea,
1408 2584 1492 2643 quae

317 2673 495 2739 secundum
521 2674 593 2736 eius
618 2672 841 2737 definitionem
867 2674 938 2736 sine
963 2673 1062 2736 dubio
1080 2673 1386 2752 epiphthegmatica
1403 2681 1493 2753 sunt,

288 2851 290 2854 ,
317 2787 509 2845 annotatum
534 2788 587 2843 est
610 2774 782 2860 ἐφύμνιον,
805 2781 899 2845 velut
923 2780 963 2843 ad
979 2781 1097 2844 Aesch.
1123 2779 1213 2858 Sept.
1240 2799 1269 2846 v.
1289 2786 1351 2844 962
1369 2786 1491 2858 66977,

317 2896 417 2966 atque
441 2887 482 2951 ad
507 2887 601 2950 Eum.
628 2892 701 2954 342.
750 2888 869 2951 Cetera
898 2906 982 2966 quae
1014 2886 1149 2951 fuerunt
1179 2889 1252 2952 eius
1280 2887 1330 2950 rei
1359 2887 1492 2950 nomina

318 2995 462 3058 contulit
485 3013 517 3059 v.
543 2995 689 3058 Leutsch
714 2993 850 3075 (Plrilol.
874 2995 934 3074 XI,
962 2999 1057 3074 1866,
1085 3013 1113 3072 p.
1141 2992 1271 3076 72617),
1300 2994 1357 3057 sed
1388 2994 1492 3058 multo

318 3109 396 3166 suut
419 3099 601 3180 rarioral).
649 3100 758 3182 Quare
793 3120 854 3163 nos
890 3121 961 3165 cum
998 3102 1180 3165 scholiasta
1209 3101 1418 3182 ephymnium
1444 3102 1493 3164 16-

318 3209 509 3288 tellegimus
545 3225 639 3271 omne
675 3225 830 3272 versuum
866 3208 1118 3272 intercalarium
1147 3227 1252 3285 genus
1277 3209 1309 3272 in
1335 3209 1397 3272 fine
1423 3227 1493 3271 cer-

319 3322 427 3380 tarum
454 3314 608 3378 carminis
633 3315 776 3392 partium
802 3316 997 3392 positorum.

425 3440 495 3504 Iam
520 3447 557 3503 ut
581 3439 622 3502 ad
648 3439 806 3520 Aeschyli
824 3440 973 3518 exempla
990 3440 1181 3521 aggrediar,
1200 3441 1388 3519 praemitto,
1406 3440 1493 3517 quod

320 3548 470 3626 quamvis
517 3547 642 3612 leviter
687 3548 936 3626 introspicienti
985 3567 1164 3612 occurrere
1211 3548 1319 3628 dehet,
1360 3547 1492 3611 solitum

321 3653 490 3733 ephymnii
520 3672 658 3734 morem,
683 3662 720 3718 ut
751 3655 863 3718 eadem
892 3657 996 3721 verba
1020 3674 1079 3734 per
1102 3664 1208 3720 totum
1234 3673 1365 3719 carmen
1391 3657 1495 3718 certis

321 3760 514 3826 intervallis
538 3768 747 3842 repetantur,
773 3763 813 3825 ab
839 3763 888 3830 eis
913 3764 1040 3826 abesse.
1087 3762 1171 3825 Eius
1196 3763 1281 3825 enim
1306 3780 1385 3825 usus
1413 3762 1494 3825 talis

321 3874 382 3948 est,
408 3874 445 3931 ut
470 3866 582 3930 eadem
608 3868 711 3932 verba
735 3869 786 3932 bis
811 3868 1046 3950 tantummodo,
1071 3867 1105 3931 iu
1133 3869 1195 3931 fine
1224 3868 1494 3946 respondentium

321 3975 412 4038 inter
435 3992 470 4037 se
496 3975 718 4054 stropharum,
743 3983 855 4056 ponat,
881 3994 974 4054 quam
999 3983 1110 4039 tamen
1135 3975 1298 4039 rationem
1322 3975 1355 4040 in
1381 3975 1496 4040 eodem

323 4082 469 4145 carmine
498 4081 631 4158 saepius
661 4083 832 4160 complura
867 4082 1077 4160 stropharum
1114 4083 1210 4160 paria
1245 4090 1428 4161 sequuntur
1453 4119 1493 4126 »-

323 4207 386 4251 666
424 4195 563 4266 excepto
604 4191 766 4270 example,
803 4209 866 4268 quo
901 4190 1040 4266 stropha
1075 4190 1288 4267 antistropha
1312 4190 1435 4267 epodus
1460 4191 1496 4254 in

431 4431 457 4502 1)
478 4434 517 4489 Ut
536 4421 746 4508 ἕπιφωνήματα,
766 4421 948 4509 ἐπιρρήματα,
969 4422 1079 4508 chifflet,
1099 4425 1269 4508 ἕπιβοήματα
1289 4442 1344 4491 666.
