3130 5206
788 419 827 426 --
877 387 918 446 23
967 417 1007 424 --

309 581 451 646 alicuius
475 578 608 644 librarii
633 580 968 657 interpretamentum
982 575 1016 658 ¹),
1042 595 1143 642 causa
1170 576 1357 642 sententiae
1393 585 1483 642 ante·

310 686 458 752 cedentis
492 683 589 770 („nos
622 687 742 752 lovem
768 692 965 764 ceterosque
990 684 1069 749 deos
1094 702 1174 748 cura
1199 684 1356 762 puniendi
1383 685 1483 748 intor-

310 795 457 860 l'octores
474 795 665 875 liberamus,
682 811 723 858 ne
741 794 791 858 eis
808 811 891 870 opus
908 793 954 857 sit
969 791 1130 856 iudicium
1148 790 1187 856 do
1204 793 1254 856 eis
1272 790 1483 871 instituere·‘)

311 901 464 967 versibus
490 895 599 984 366l8,
624 901 653 964 si
678 899 809 980 quidem
827 900 900 964 iure
918 899 1058 978 quodam
1075 917 1193 963 sensus
1215 900 1482 978 progressionem

313 1009 491 1090 poscimus
529 1009 645 1086 utique
680 1007 819 1072 afibrtur
853 1023 961 1086 neque
997 1005 1108 1070 afferri
1142 1013 1254 1085 potest
1293 1006 1358 1069 nisi
1406 1023 1485 1070 voce

310 1109 408 1184 ἔθνος
430 1109 504 1176 τόδε
528 1114 569 1179 ad
593 1113 830 1178 interfectores
853 1114 980 1194 relata3
1005 1133 1069 1194 quo
1093 1113 1225 1178 accedit
1249 1112 1335 1192 quod
1361 1113 1483 1176 Furiae

310 1240 384 1287 sese
408 1223 500 1301 ipsas
525 1222 688 1286 attributo
714 1211 886 1299 ἀξιόμισον
910 1221 1168 1286 dehonestantes
1193 1240 1211 1284 a
1243 1227 1341 1299 poeta
1372 1219 1483 1284 induci

309 1330 366 1395 vix
390 1322 620 1410 potuerunt2).
667 1327 719 1393 Ad
750 1327 1005 1394 interfectorum
1040 1335 1149 1393 autem
1178 1328 1300 1406 vulgus
1330 1329 1483 1392 substan·

308 1436 411 1503 tivum
451 1429 644 1517 ἄοοοροποίς
678 1453 719 1500 ue
755 1454 816 1514 per
850 1436 1058 1500 liberrimum
1095 1435 1225 1515 quidem
1261 1434 1483 1513 appositionis

308 1563 414 1624 genus
438 1542 560 1609 referri
592 1550 722 1624 potest,
754 1561 826 1608 cum
859 1537 1050 1624 οίνοτοοποί
1072 1545 1127 1609 hie
1152 1543 1221 1608 sint
1244 1561 1310 1606 non
1334 1560 1417 1621 quae
1442 1543 1482 1607 ab

308 1650 596 1732 interfectoribus
632 1650 691 1715 sod
726 1669 810 1730 quae
845 1669 865 1714 a
900 1651 1014 1716 Furiis
1049 1650 1132 1716 fiunt
1160 1646 1261 1732 (quod
1286 1657 1426 1728 apparet
1451 1658 1483 1713 et

270 1821 274 1834 ,
309 1777 350 1835 ex
374 1759 513 1837 stropha
536 1765 571 1822 et
596 1776 636 1822 ex
660 1756 766 1822 forma
790 1758 996 1824 coniunctivi
1021 1759 1140 1823 aoristi
1158 1747 1238 1818 ὅταν
1254 1751 1336 1842 ἕλῃ).
1374 1755 1483 1837 Quare

307 1865 470 1947 nonnulli,
495 1873 533 1930 ut
557 1864 744 1946 Wecklein,
768 1857 959 1946 α’ναοοοπιίς
974 1866 1219 1944 appositionem
1236 1882 1310 1928 esse
1327 1863 1368 1928 ad
1383 1858 1481 1925 τάσδε

307 1974 468 2054 μερίμνας
491 1970 581 2052 (362)
605 1972 795 2039 voluerunt.
843 1971 936 2054 Quod
954 1991 1050 2052 quam
1075 1990 1136 2051 per
1158 1989 1194 2036 se
1218 1989 1282 2036 non
1310 1971 1483 2049 probabile

308 2080 364 2160 sit,
389 2098 483 2144 nemo
516 2098 582 2143 non
614 2078 724 2160 videt,
750 2078 878 2144 duobus
909 2078 1020 2159 longis
1050 2079 1242 2158 duobusque
1270 2078 1484 2145 brevioribus

309 2187 474 2268 versibus,
499 2205 581 2267 quos
605 2205 646 2250 ne
671 2185 765 2265 quasi
788 2205 911 2251 meram
935 2187 1153 2265 parenthesin
1176 2185 1380 2264 accipiamus
1409 2193 1483 2249 toto

307 2295 484 2361 verborum
521 2313 647 2359 conexu
682 2294 907 2375 prohibemur,
944 2294 1157 2359 intermissis.
1214 2293 1328 2372 Neque
1373 2301 1484 2358 tamen

307 2401 527 2468 verisimilior
562 2408 615 2466 est
649 2401 790 2466 aliorum
825 2403 926 2482 ratio,
963 2403 1020 2481 qui
1056 2408 1255 2481 quaerentes
1286 2403 1375 2466 iuter
1399 2403 1483 2466 auti·

309 2511 479 2587 stropham
513 2509 743 2589 repetitusque
786 2509 864 2573 illos
906 2527 1024 2574 versus
1062 2509 1326 2574 coniunctionem
1362 2508 1396 2574 in
1430 2511 1484 2573 his

308 2617 422 2696 aliqua
446 2623 660 2682 mutaverunt
684 2617 733 2694 (ut
757 2617 873 2696 Bergk
896 2609 1089 2698 α’νατροποὶς
1111 2618 1145 2680 in
1176 2613 1392 2700 ἐπιτρέπων),
1428 2619 1484 2682 vel

308 2742 348 2788 ea
372 2722 411 2787 de
436 2742 536 2788 causa
561 2723 647 2803 quod
672 2725 808 2803 propria
832 2725 1001 2805 ephymnii
1025 2731 1146 2788 natura
1169 2725 1343 2802 repetendi
1368 2725 1484 2789 eadem

310 2832 412 2897 verba
436 2832 486 2895 sic
502 2832 661 2896 violatur.
675 2866 714 2874 —
729 2831 792 2896 Sed
812 2832 865 2895 hic
883 2831 1027 2894 forsitan
1043 2832 1167 2910 aliquis
1184 2831 1225 2896 ad
1243 2830 1483 2896 defendendum
1547 2879 1548 2892 ,

309 2938 517 3018 ephymnium
556 2938 646 3002 dicat
681 2937 784 3001 multo
817 2938 936 3002 melius
966 2940 1103 3002 tertiam
1127 2940 1296 3017 stropham
1322 2939 1483 3003 accedere

309 3045 349 3110 ad
385 3045 540 3110 iteratam
591 3052 718 3123 partem
751 3064 768 3122 γ
803 3064 898 3125 quam
936 3045 975 3109 ad
1011 3045 1255 3124 antistropham
1292 3047 1482 3128 secundam,

311 3153 509 3231 praesertim
535 3171 605 3216 cum
631 3153 799 3230 particula
822 3155 860 3214 τέ
880 3152 1038 3229 adiuncta
1062 3153 1115 3218 sit.
1156 3151 1249 3234 Quod
1274 3173 1481 3235 nequaqnam

307 3268 374 3324 tam
410 3277 514 3338 grave
551 3278 647 3338 quam
682 3260 743 3324 illa
778 3259 914 3324 offensio
949 3260 1029 3326 mihi
1064 3260 1207 3326 videtur.
1254 3261 1334 3326 Nam
1371 3264 1482 3328 artius

308 3368 478 3445 stropham
502 3367 638 3430 tertiam
663 3385 735 3430 cum
759 3366 1035 3432 antecedentibus
1060 3369 1217 3448 coniungi
1245 3387 1310 3433 uon
1345 3388 1482 3437 necesso

415 3558 443 3627 1)
461 3558 521 3614 Aut
541 3561 615 3614 enim
635 3566 754 3630 propter
772 3578 884 3616 versum
905 3562 1054 3631 strophae,
1080 3563 1129 3632 qui
1148 3563 1251 3631 incipit
1271 3556 1430 3616 παλλεύκων
1450 3565 1481 3618 δὲ

308 3643 421 3703 πέπλων
440 3651 469 3703 in
490 3651 571 3703 initio
592 3668 707 3720 quoque
721 3651 896 3719 dactylicum
909 3651 1072 3720 rhythmum
1085 3652 1236 3720 praebens,
1256 3653 1386 3708 homines
1400 3655 1480 3708 docti

308 3742 456 3795 eiecerunt
475 3731 529 3812 γάρ
549 3739 711 3795 scribentes
730 3733 801 3799 Ζεὺς
830 3741 995 3812 αἱμοσταγὲς
1015 3728 1154 3814 ἀξιόμισον
1177 3740 1321 3811 (Ahrens),
1339 3749 1390 3798 aut
1408 3746 1481 3797 anti-

311 3829 448 3899 strophae
469 3821 523 3901 yo'p
542 3830 685 3884 intactum
705 3848 769 3885 csse
788 3832 844 3885 rati
863 3835 951 3901 atque
970 3836 1079 3885 mutato
1100 3836 1210 3887 tanturn
1231 3833 1430 3905 πὶμοτοοταγές
1450 3835 1480 3888 in

308 3918 473 3990 πὶμοσιαμές
501 3937 614 3974 versum
643 3925 776 3974 constare
806 3937 838 3974 cx
867 3926 1045 3975 rnonometro
1075 3921 1222 3976 trochaico
1252 3922 1424 3976 catalectico
1449 3929 1481 3977 ot

306 4011 485 4075 pentametro
506 4008 650 4077 dactylico
671 4010 700 4063 in
720 4009 839 4084 stropha
858 4011 1037 4078 scripserunt
1057 4004 1309 4080 παντολούκωνμτο
1321 4005 1480 4065 παλλεύκων

307 4102 364 4164 aut,
376 4098 453 4167 quod
464 4103 508 4152 est
521 4099 550 4151 in
561 4099 701 4162 mediceo,
712 4092 872 4152 πανλεύκων
882 4097 996 4167 (Rossb.
1008 4105 1037 4154 et
1051 4098 1203 4169 westph).
1235 4101 1343 4157 Neutra
1357 4105 1478 4159 mutatio

308 4185 437 4240 difficilis
458 4191 511 4242 est.

415 4275 441 4342 2)
462 4277 532 4332 Nam
552 4283 582 4331 ut
603 4264 745 4352 ἆξιόμισον
772 4297 805 4334 ex
831 4281 979 4334 sententia
1002 4281 1085 4336 Jovis
1105 4282 1214 4335 dictum
1233 4283 1380 4352 accipiam,
1401 4286 1478 4354 quod

307 4365 441 4421 nonnulli
460 4367 571 4438 volunt,
591 4369 744 4452 impetrare
761 4387 778 4423 a
796 4385 841 4423 me
857 4388 919 4424 non
938 4387 1064 4440 possum.
