3130 5206
544 401 763 462 „45-

72 615 209 674 prorsus
244 603 405 675 negatum
441 603 476 660 et
513 603 649 660 coactus
686 603 738 660 est
775 593 942 660 Hermann
979 593 1020 658 ad
1045 593 1248 657 efficiendam

71 704 162 767 illam
187 703 439 780 responsionem
463 703 498 766 in
523 703 705 783 systemate
729 702 756 782 l,
781 701 867 780 quod
893 701 996 765 multo
1031 701 1166 764 brevius
1198 705 1250 762 est

12 887 13 894 ,
71 830 167 889 qnam
193 817 339 890 systema
364 809 403 888 V,
439 809 590 874 lacunam
627 808 738 874 decem
776 815 955 873 metrorum
992 790 1153 873 statuere.
1186 805 1250 870 Sed

12 995 13 1002 ,
71 917 105 982 id
142 916 228 980 hand
263 917 312 980 ita
346 917 560 1008 temerarium
585 923 647 995 est,
684 934 755 979 cnm
788 914 1042 993 corruptissima
1072 913 1251 979 videantur

12 1015 13 1024 ’
71 1025 175 1090 verha
198 1025 259 1084 νῦν
282 1020 317 1084 δὲ
340 1020 469 1084 τελείαν
493 1021 559 1086 κτλ.
586 1022 737 1104 Accedit,
771 1021 858 1101 quod
882 1023 1131 1102 hypermetrum
1157 1013 1194 1080 ἰώ
1213 1015 1250 1081 ἰώ

71 1125 241 1212 παράνους
270 1122 383 1191 Ἑλένα
413 1165 456 1174 -
489 1122 555 1190 ὑπὸ
592 1131 696 1210 Τροίᾳ
725 1147 762 1193 re
794 1147 874 1196 vera
904 1129 1118 1209 hypermetro
1142 1128 1250 1205 primo

12 1253 13 1262 ¹
71 1238 312 1319 systematisV
350 1229 387 1296 ἰώ
421 1238 460 1314 γᾶ
485 1231 708 1320 γᾶ-χαμεύνην
732 1239 829 1316 plane
853 1235 1044 1314 respondet,
1081 1243 1115 1298 et
1147 1235 1252 1300 verba

12 1361 13 1366 ¹
72 1349 130 1407 νῦν
155 1342 191 1406 δὲ
214 1341 344 1406 τελείαν
367 1363 398 1410 v.
423 1348 507 1408 1459
544 1345 793 1421 anapaesticum
829 1343 1020 1424 rhythmum
1052 1342 1251 1420 praebentia

72 1453 204 1518 initium
251 1451 386 1517 secundi
429 1453 507 1516 olim
558 1452 763 1532 hypermetri
799 1452 885 1515 eius
931 1449 1126 1530 systematis
1176 1467 1250 1513 esse

72 1566 254 1639 potnerunt
291 1555 355 1640 (sic
391 1560 455 1624 iam
493 1560 681 1636 Hermann).
734 1559 997 1624 Consentaneum
1034 1564 1087 1621 est
1125 1555 1249 1620 eisdem

71 1666 280 1748 argumentis
313 1667 513 1744 Westphalii
546 1666 585 1730 de
619 1667 681 1731 hac
713 1684 748 1730 re
778 1666 978 1731 sententiam
1018 1663 1161 1745 defendi,
1193 1664 1249 1742 qni

71 1773 186 1837 eodem
211 1772 310 1836 huius
335 1772 473 1836 lacunae
498 1772 645 1836 remedio
671 1778 817 1853 systema
841 1771 857 1836 Ι
881 1772 910 1836 si
943 1790 1006 1836 non
1040 1771 1080 1835 ad
1112 1770 1249 1835 eundem

12 1941 13 1950 ,
71 1888 265 1959 metrorum,
290 1886 325 1943 at
348 1886 459 1943 tamen
483 1879 772 1959 hypermetrorum
797 1897 967 1943 numerum
993 1897 1032 1943 ac
1057 1877 1249 1958 systemaV

70 1986 208 2066 redigit.
256 1986 325 2050 Iam
361 1986 390 2049 si
427 1985 502 2064 quis
538 1985 732 2050 melicarum
767 1981 914 2062 partium
949 1987 972 2064 β
1005 1994 1039 2049 et
1071 1986 1250 2062 {respon-

12 2179 13 2184 ἵ
71 2095 197 2158 sionem
222 2093 347 2173 poscit,
382 2111 502 2158 vereor
526 2100 563 2157 nt
585 2092 728 2157 refutari
759 2093 876 2171 possit.
926 2093 1092 2157 llixerunt
1116 2093 1251 2171 longius

72 2219 147 2265 esse
184 2200 398 2266 intervallum
435 2218 531 2278 quam
567 2185 611 2265 ut=
639 2207 768 2277 partem
800 2201 817 2274 ζ
851 2200 943 2277 parti
973 2202 1003 2279 β,
1040 2207 1187 2280 systema
1221 2199 1251 2262 V

72 2306 247 2387 systemati
271 2307 288 2371 Ι
311 2307 513 2384 respondere
538 2325 732 2386 quemqnam
756 2306 1035 2372 animadvertisse
1064 2307 1250 2371 verisimile

72 2415 125 2478 sit.
174 2413 238 2477 Sed
260 2414 420 2478 hahemus
445 2414 635 2495 Aeschylea
658 2414 906 2494 Sophocleaque
931 2414 1093 2494 exempla,
1130 2414 1250 2492 quibus

19 2557 21 2560 -
74 2521 309 2600 comprobetur
348 2521 519 2599 stropham
556 2529 590 2586 et
632 2521 875 2600 antistropham
908 2521 1033 2586 maiore
1069 2520 1250 2585 intervallo

73 2626 179 2694 dividi
205 2628 366 2705 potuisse.
412 2625 450 2692 In
484 2627 616 2706 Septem
649 2626 763 2691 fabula
792 2627 869 2692 inde
904 2645 1046 2693 aversa
1070 2632 1136 2692 404
1161 2628 1251 2692 inter

73 2734 210 2812 primam
236 2735 408 2812 stropham
439 2742 473 2799 et
506 2735 751 2811 antistropham
775 2735 919 2812 triginta
950 2735 1040 2799 inter
1074 2734 1251 2800 secundam

73 2841 245 2920 stropham
281 2847 315 2904 et
352 2842 594 2919 antistropham
628 2841 783 2922 triginta,
821 2849 958 2922 septem,
996 2842 1086 2906 inter
1113 2842 1249 2906 tertiam

73 2947 245 3026 stropham
270 2948 577 3026 antistrophamque
611 2946 897 3026 duodesexaginta
926 2964 1046 3014 versus
1069 2948 1248 3013 intersunt.

73 3056 110 3119 lu
147 3054 340 3120 Philocteta
372 3055 544 3131 stropham
580 3073 610 3121 v.
640 3059 702 3118 391
735 3073 805 3133 sqq.
843 3055 1056 3133 antistropha
1099 3055 1251 3135 sequitur

73 3163 228 3229 versibus
260 3162 463 3227 intermissis
496 3169 627 3226 centum
659 3163 813 3240 quinque.
861 3164 907 3226 At
938 3179 1056 3228 versus
1088 3163 1140 3226 his
1164 3162 1250 3228 locis

73 3271 245 3348 stropham
270 3277 304 3334 et
328 3269 571 3348 antistropham
596 3269 791 3334 dirimentes
815 3269 964 3334 trimetri
989 3277 1077 3351 sunt,
1110 3289 1247 3348 quornm

73 3395 113 3442 ne
159 3377 266 3440 maior
310 3377 440 3455 quidem
475 3393 632 3441 numerus
668 3377 805 3440 arcebat
840 3395 881 3440 ne
916 3377 1091 3454 responsio
1128 3396 1249 3456 cogno·

74 3489 245 3561 sceretnr3
271 3482 409 3548 sedhic
445 3502 517 3548 cum
546 3491 624 3561 pust
654 3490 781 3562 partem
806 3485 827 3563 β
848 3503 913 3548 non
938 3485 1045 3548 minus
1070 3503 1166 3564 quam
1191 3503 1249 3549 sex

75 3591 235 3668 strophae
271 3598 442 3672 canantur,
479 3597 604 3670 septem
651 3598 833 3671 systemata
875 3592 1079 3672 recitentur,
1120 3591 1148 3655 si
1184 3610 1249 3656 nou

74 3698 149 3776 ipsa
173 3715 303 3775 quoque
339 3706 510 3778 canantur,
546 3716 622 3762 num
659 3699 831 3777 quisquam
862 3699 1113 3774 responsionem
1146 3699 1249 3763 inter·
1361 3759 1367 3769 .

76 3803 195 3869 cedere
221 3805 309 3868 inter
340 3823 411 3869 eam
443 3813 477 3869 et
505 3814 633 3883 partem
665 3806 682 3879 ζ
713 3805 913 3883 intellegere
938 3805 1095 3883 poterat?
1118 3824 1194 3869 unm
1220 3807 1249 3870 si

74 3911 106 3976 id
132 3931 197 3975 non
222 3912 332 3984 fiebat,
359 3931 492 3991 operam
517 3919 552 3976 et
568 3913 676 3976 oleum
694 3911 880 3990 perdidisse
898 3919 1029 3989 poetam
1053 3911 1249 3978 credemus?

76 4019 122 4080 ht
147 4017 230 4081 talia
261 4027 370 4084 tamen
404 4018 494 4083 facta
526 4036 599 4083 esse
632 4017 803 4098 Euripidis
831 4019 899 4083 tria
932 4019 1083 4098 exempla
1112 4019 1248 4086 docent:

75 4124 114 4188 In
141 4125 260 4188 Oreste
284 4126 441 4203 strophae
469 4130 642 4190 1345-58
667 4125 879 4203 antistropha
909 4130 1067 4206 ram-ts,
1099 4127 1133 4190 in
1169 4127 1248 4206 Hip-

74 4231 193 4312 polyto
229 4233 387 4310 strophae
424 4239 576 4296 36344
612 4233 825 4316 antistropha
860 4237 1030 4314 ote—75,
1066 4234 1101 4297 in
1135 4234 1248 4299 Rheso

76 4339 237 4417 strophae
261 4343 414 4404 443-55
440 4339 653 4419 antistropha
669 4346 822 4406 813-25
839 4340 1043 4419 respondent
1060 4340 1247 4418 (secundum
