3130 5206
580 432 775 488 -9-

86 622 174 687 idem
210 624 420 703 ephymnium
458 633 590 688 exeunt.
639 595 736 688 Duae·
768 633 877 689 autem
915 611 1048 702 saepius
1086 633 1263 689 recurrent

88 714 312 810 quaestiones,
342 731 449 808 prima
478 750 541 809 quo
571 731 665 795 modo
696 732 843 795 earmina
872 750 944 794 oum
974 731 1162 811 ephymniis
1187 751 1263 795 con-

88 839 202 901 iuncta
228 838 296 901 sint
320 839 551 916 pronuntiata;
577 838 705 916 deque
729 838 770 902 ad
795 837 1039 902 diiudicandum
1066 837 1264 902 difficillima

88 945 221 1008 nonnisi
237 945 292 1008 ubi
311 946 496 1009 verisimile
513 945 638 1024 aliquid
655 945 826 1012 videbitur
843 944 1002 1010 affirmari
1016 963 1114 1024 posse
1127 946 1263 1029 loquar3

88 1052 207 1132 altera,
247 1070 322 1115 num
363 1052 485 1130 ubique
525 1053 558 1116 in
599 1053 697 1116 libris
737 1052 974 1130 manuscriptis
1014 1059 1151 1118 servata
1195 1054 1264 1117 sint

88 1159 276 1238 ephymnia.

195 1268 305 1343 Atque
342 1272 378 1330 ut
409 1256 665 1343 progrediamur
701 1286 721 1330 a
749 1265 955 1342 simpliciore
984 1265 1092 1329 forma·
1115 1264 1156 1330 ad
1182 1267 1264 1330 arti·

88 1373 299 1453 lioiosiorem,
323 1371 406 1436 illud
432 1373 715 1451 simplicissimum
741 1391 857 1453 genus
882 1380 919 1437 ut
944 1373 1142 1437 exclamatio
1168 1373 1263 1436 chori

88 1479 128 1544 ad
154 1487 284 1543 cantum
311 1498 405 1558 quem
431 1481 626 1545 cecinerunt
650 1481 800 1544 nonnulli
826 1481 880 1544 vel
906 1498 989 1544 unus
1014 1479 1152 1544 accedat
1169 1481 1264 1558 quasi

88 1604 345 1667 supervacanea,
364 1586 449 1664 apud
467 1588 668 1667 Aeschylum
686 1605 751 1651 non
768 1595 889 1667 exstat,
913 1587 978 1651 nisi
995 1587 1264 1652 interiectione-m

87 1685 128 1776 ἠέ
152 1695 187 1757 in
214 1692 278 1758 fine
308 1694 472 1759 secundae
502 1695 659 1773 strophae
690 1703 723 1759 et
752 1695 983 1772 antistrophae
1013 1695 1150 1759 secundi
1182 1695 1264 1758 Per-

88 1820 198 1865 sarum
224 1801 356 1865 fabnlae
382 1801 509 1896 stasimi
533 1803 677 1880 positam
701 1802 750 1866 ita
766 1801 956 1883 accipimus
982 1801 1021 1866 de
1038 1821 1102 1880 qua
1118 1819 1156 1866 re
1176 1801 1264 1866 infra
1309 1811 1311 1818 ⁴

87 1907 275 1972 videbimus
299 1904 430 1990 (p.15).
478 1907 541 1973 Sed
571 1909 674 1990 loeus,
705 1910 761 1987 qui
791 1910 832 1973 ab
862 1927 900 1972 eo
927 1927 987 1972 usu
1013 1907 1099 1972 haud
1124 1909 1263 1974 multum

88 2016 194 2095 abest,
225 2021 278 2078 est
306 2014 381 2079 finis
410 2016 645 2098 Eumenidum,
670 2016 746 2080 inde
771 2036 790 2080 a
813 2034 914 2082 versu
941 2021 1036 2080 1033.
1083 2017 1263 2095 Postquam

89 2123 213 2186 lluriae
248 2123 424 2209 promissis
461 2123 567 2187 sacris
605 2142 643 2186 ao
679 2123 846 2201 religione
883 2123 985 2188 irasci
1015 2121 1101 2200 quod
1126 2123 1264 2188 Orestes

88 2231 236 2308 ipsarum
259 2231 385 2293 numini
403 2228 561 2309 suffragio
579 2232 861 2309 Areopagitarum
880 2230 1074 2309 calculoque
1092 2230 1263 2294 Minervae

88 2345 179 2402 esset
204 2337 374 2401 detractus
404 2338 590 2418 desierunt,
621 2339 684 2401 iam
711 2356 766 2401 eas
792 2337 866 2401 dum
892 2354 992 2402 scena
1016 2344 1139 2400 exeunt
1163 2338 1263 2401 comi·

88 2445 188 2508 mites
213 2462 251 2507 eo
276 2452 534 2526 prosequuntur,
556 2445 612 2508 ubi
636 2444 732 2509 sedes
754 2462 865 2508 aarum
884 2445 994 2508 cultus
1012 2445 1088 2525 erit,
1107 2452 1263 2509 canentes

88 2553 151 2616 hoo
177 2568 306 2616 carmen
333 2553 519 2632 ephymniis
545 2559 663 2630 quater
687 2553 926 2629 interruptum:

133 2660 200 2727 Str.
227 2666 255 2723 1.
304 2660 392 2720 Βᾶτε
416 2653 515 2743 δόμῳ,
540 2654 679 2737 μεγάλαι
703 2657 875 2739 φιλότιμοι

303 2760 432 2834 Νυκτὸς
455 2765 571 2835 παῖδες
596 2761 743 2847 ἄπαιδες,
768 2757 828 2827 ὑπ’
852 2761 988 2848 εύφρονι
1012 2768 1136 2846 πομπᾷ

302 2909 345 2918 -—
369 2865 549 2953 εὐφαμεῖτε
574 2871 609 2934 δὲ
632 2873 794 2952 πανδαμί.

135 2982 210 3045 snt.
238 2985 266 3045 1.
303 2983 358 3059 γᾶς
383 2973 449 3042 ύπδ
475 2975 633 3042 κεύθεσιν
657 2974 802 3058 ὠγυγίοις
825 2973 866 3051 τίς

302 3095 411 3168 τιμαῖς
435 3087 491 3149 καὶ
513 3089 644 3157 θυσίαις
668 3089 853 3170 περίσεπτα
876 3083 994 3170 τύχητε
1006 3086 1041 3170 1).

303 3231 343 3241 -
369 3189 549 3276 εὐφαμεῖτε
572 3193 607 3256 δὲ
631 3195 792 3273 πανδαμί.

133 3305 199 3370 Str.
225 3313 254 3369 2.
303 3301 393 3365 ἵλαοι
418 3301 452 3364 δὲ
476 3303 530 3364 καί
554 3297 758 3384 εύθύφρονες
782 3306 821 3384 γᾷ

303 3401 393 3492 δεῦρ’
416 3408 476 3492 ἴτε,
501 3412 628 3492 σεμναί,
654 3404 856 3495 πυριδάπτῳ

301 3513 452 3597 λαμπάδι
475 3513 680 3606 τερπόμεναι
704 3508 871 3583 καθ’όδύν.

303 3663 343 3670 -
367 3619 541 3697 ὀλολύξατε
563 3626 624 3686 νύν
648 3620 704 3687 ἐπὶ
727 3625 882 3703 μολπαῖς.

302 3732 444 3797 σπονδαὶ
468 3723 530 3800 δ’ἐς
552 3726 590 3792 τδ
615 3731 686 3794 πᾶν
711 3727 856 3800 ἔνδαιδες
880 3729 979 3796 οἴκων

305 3835 474 3908 Παλλάδος
498 3832 613 3908 ἀστοῖς.
662 3832 743 3909 Ζεύς
768 3832 815 3924 [ό]
840 3835 1055 3918 πανόπταςλ)

303 3937 386 4008 οὕτω
411 3926 530 4028 Μοῖρά
550 3966 587 4008 τε
611 3948 801 4025 συγκατέβα.

304 4092 343 4099 -
370 4047 544 4128 ὀλολύξατε
567 4056 628 4114 νύν
652 4049 709 4115 ἐπὶ
731 4053 884 4135 μολπαῖς.

197 4248 223 4318 1)
244 4235 374 4320 ιύγυγίοις
393 4239 428 4308 οἷς
448 4255 477 4304 et
497 4252 649 4322 περίσεπτα
669 4242 769 4320 τύχητε
787 4268 839 4319 pro
861 4236 1022 4319 ὠγυγίοισιν
1042 4252 1071 4302 ot
1095 4249 1261 4318 περίσεπται

89 4333 199 4408 τύχοιτε
218 4337 377 4394 Kirchhoff.

195 4424 224 4500 2)
244 4426 292 4484 Sic
310 4446 361 4498 pro
383 4414 488 4482 όοτοίσι
505 4420 576 4488 Ζεὺς
595 4421 752 4488 παντόπτας
770 4428 930 4500 Muegruve.
