3130 5206
565 451 774 511 m15.-

80 642 169 706 haud
202 643 346 707 alienum
378 647 499 719 putem.
547 641 714 704 Fortasse
741 639 865 706 dixerit
901 643 976 720 quis
1008 644 1196 723 coryphaeo
1228 645 1255 708 si

79 757 159 827 post
183 749 399 827 anapaestico
434 754 617 828 systemata
655 747 753 811 ctiam
789 748 871 812 haec
907 748 1025 827 parodi
1057 769 1135 826 pars
1160 750 1258 814 detur

79 857 182 920 nimis
205 857 310 921 tribui
335 855 472 919 laboris.
513 853 577 918 Sed
602 873 674 917 cum
693 854 901 919 Weckleinio
926 854 1067 936 (11232)
1091 875 1155 920 non
1177 865 1257 935 puto

17 1041 21 1048 Ι
80 963 116 1028 id
143 963 225 1028 satis
250 981 325 1028 esse
350 961 390 1026 ad
415 960 632 1026 refellendam
659 961 864 1025 sentendiam
888 970 1052 1040 nostram,
1083 983 1122 1027 611
1153 964 1257 1028 116166

80 1072 192 1135 minor
216 1078 270 1134 est
292 1070 389 1133 labor
412 1069 511 1133 Jonis
536 1068 753 1149 Aeschyleae,
779 1087 863 1147 quae
892 1070 926 1132 in
951 1070 1149 1135 Prometheo
1181 1079 1259 1149 post

80 1179 325 1257 quinquaginta
363 1177 502 1241 circiter
536 1193 654 1242 versus
690 1175 817 1255 lyricos
854 1177 925 1240 sine
963 1176 1062 1241 dubio
1106 1184 1258 1242 cantatos

80 1281 160 1368 (581
177 1286 258 1363 sqq.)
284 1284 360 1348 indo
385 1303 405 1347 6
429 1301 528 1347 versu
555 1286 618 1345 640
643 1301 747 1360 usque
772 1282 813 1346 ad
839 1289 900 1346 657
929 1285 1099 1361 excipiens
1124 1285 1258 1348 Prome·

79 1393 193 1456 theum
232 1391 354 1471 decem,
392 1389 468 1454 inde
500 1408 519 1452 a
553 1408 585 1455 v.
600 1395 661 1452 667
689 1407 792 1466 paene
819 1389 1060 1468 quinquaginta
1084 1392 1259 1456 trimetros

80 1499 303 1576 pronuntiat?
340 1517 381 1560 an
418 1515 530 1561 earum
572 1495 746 1574 Euripidis
782 1514 1017 1577 personarum,
1059 1516 1142 1576 quae
1184 1506 1259 1576 post

77 1607 200 1682 longos
224 1605 370 1683 partium
396 1604 638 1683 dialogicarum
664 1621 833 1668 sermones
858 1605 949 1668 solae
979 1605 1080 1682 longa
1112 1607 1260 1670 carmina

79 1711 227 1776 canunt?
273 1712 342 1776 Nec
367 1712 504 1776 maioris
529 1711 684 1774 momenti
711 1709 743 1773 id
769 1729 843 1774 esse
860 1711 1013 1775 existimo
1037 1712 1122 1790 quod
1142 1721 1259 1777 contra

78 1839 119 1883 ea
156 1837 240 1898 qnae
279 1818 527 1897 explanavimus
563 1817 707 1881 forsitan
743 1816 892 1882 dicatur:
924 1818 1094 1884 insolitum
1119 1837 1192 1884 esse
1218 1821 1258 1884 ab

79 1945 146 1990 nno
183 1927 355 2004 stropham
390 1924 634 2001 antistropham
671 1923 809 2001 epodnm
847 1926 987 1989 cantari.
1039 1925 1134 2007 Quod
1172 1928 1258 1991 enim

81 2034 258 2100 Wecklein
285 2032 419 2113 conicit,
444 2031 590 2096 fortasse
615 2031 669 2094 hic
693 2038 824 2108 poetam
850 2032 993 2110 aliquam
1019 2034 1123 2111 prisci
1157 2054 1259 2114 popu·
1329 2086 1333 2092 .

79 2141 165 2205 laris
202 2147 319 2205 cantus
355 2139 626 2203 consuetudinem
663 2155 737 2201 esse
772 2139 949 2220 imitatum,
985 2141 1040 2204 vel
1075 2142 1144 2205 tale
1180 2143 1258 2220 quid

79 2234 232 2325 potuisse
258 2265 389 2311 causam
415 2247 487 2309 eius
512 2247 561 2308 rei
581 2263 662 2310 esse
694 2245 922 2326 concedemus,
955 2249 1153 2324 praesertim
1187 2269 1258 2312 cum

82 2353 257 2418 admodum
283 2352 464 2430 singularis
489 2352 535 2417 sit
558 2359 631 2417 tota
656 2352 812 2416 carminis
835 2350 951 2417 forma.

188 2461 227 2526 ln
253 2461 400 2525 carmine
435 2460 495 2523 illo
533 2460 711 2522 Persarum
747 2457 983 2540 fabulaeque
1012 2460 1134 2525 mortui
1160 2461 1258 2524 Darii

79 2569 201 2632 umbra
226 2586 266 2632 ex
291 2567 408 2632 inferis
434 2566 569 2630 elicitur
595 2568 634 2642 (1.
661 2570 724 2630 636
742 2567 839 2647 sqq),
863 2565 949 2630 idem
976 2585 1093 2632 versus

369 2685 469 2771 βάσκε
492 2685 600 2770 πάτερ
623 2685 727 2751 ἄκακε
751 2684 909 2773 Δαρειιίν,
936 2681 977 2754 οἶ.

82 2821 116 2883 11
142 2819 205 2882 fine
230 2825 282 2882 est
305 2817 429 2882 tertiae
455 2817 612 2894 strophae
638 2823 671 2880 et
687 2816 811 2880 tertiae
832 2817 1074 2895 antistrophae.
1109 2817 1256 2882 Primum

82 2925 329 3003 secundumque
354 2923 566 3002 stropharum
592 2923 687 3001 paria
705 2930 740 2987 et
755 2923 880 3001 epodus
898 2925 1086 3004 ephymniis
1103 2925 1259 2990 videntur

83 3051 210 3099 661616.
250 3031 344 3113 Quod
369 3033 418 3097 ita
442 3031 578 3095 tertium
596 3049 658 3107 par
674 3037 773 3108 poeta
791 3029 955 3112 distinxit,
972 3050 1037 3095 non
1055 3039 1107 3096 est
1124 3033 1259 3110 mirum;

81 3159 157 3204 nam
182 3139 288 3204 totius
314 3138 470 3226 carminis
495 3125 652 3202 summum
671 3136 766 3216 quasi
783 3136 956 3217 fastigium
975 3145 1043 3202 est:
1069 3158 1140 3202 cum
1162 3145 1260 3202 antea

84 3245 136 3310 dei
163 3245 264 3310 inferi
289 3252 327 3309 ut
339 3246 477 3309 Darium
502 3244 676 3309 mitterent
693 3245 761 3308 siut
788 3244 945 3324 invocati,
972 3245 1148 3309 invocatur
1171 3264 1258 3309 nunc

84 3353 182 3418 valde
207 3352 385 3417 concitatis
409 3352 548 3416 vocibus
572 3351 643 3428 ipse
668 3359 817 3415 mortuus
842 3370 902 3414 rex
927 3359 964 3416 ut
988 3359 1167 3435 appareat;
1185 3370 1260 3415 rur-

83 3479 141 3524 sus
177 3468 287 3525 antem
324 3458 448 3537 epodus
483 3459 547 3522 iam
583 3477 647 3522 non
685 3459 719 3521 in
749 3459 973 3537 invocatione,
999 3458 1113 3523 sedin
1137 3459 1260 3523 lamen-

83 3568 213 3631 tatione
238 3603 280 3612 —
305 3574 463 3645 quantum
488 3583 528 3628 ex
554 3563 816 3642 corruptissimis
841 3566 953 3631 verbis
978 3567 1194 3644 cognoscitur
1220 3603 1258 3609 --

84 3680 249 3739 versatur.
287 3671 350 3736 Sed
374 3679 484 3736 tamen
501 3671 746 3749 respiciendum
764 3678 815 3734 est
832 3672 965 3735 eandem
985 3672 1259 3737 exclamationem

84 3773 124 3846 ἠέ
138 3785 172 3842 66
189 3785 266 3857 post
287 3778 463 3842 secundam
483 3779 653 3856 stropham
676 3786 709 3842 66
731 3785 807 3856 post
824 3778 1000 3863 secundam
1017 3779 1259 3856 antistropham

84 3887 227 3963 positam
253 3902 337 3966 esse,
362 3903 423 3949 nec
447 3885 545 3950 video
571 3904 631 3948 6111
653 3905 718 3949 non
743 3904 813 3948 eam
839 3904 968 3964 quoque
986 3887 1109 3949 iustum
1126 3886 1260 3966 ephym-

86 3993 175 4055 nium
200 4010 273 4055 esse
299 3993 467 4056 ducamus.
505 3993 585 4056 Nam
611 3991 696 4071 quod
723 3993 758 4055 111
782 3992 930 4056 editione
959 3993 1135 4057 Persarum
1155 3994 1260 4058 861111-

87 4100 218 4162 leriana
242 4099 394 4163 6166166
419 4098 598 4163 Conradtio
624 4099 712 4163 facta
737 4119 768 4176 p.
785 4101 847 4164 148
865 4100 1085 4182 explumatur,
1109 4091 1150 4180 ἠέ
1162 4119 1260 4178 prop-

85 4215 180 4271 terca
204 4206 416 4285 ephymnium
448 4224 521 4274 6666
550 4225 615 4269 non
645 4225 754 4287 posse,
779 4206 864 4284 quod
889 4213 1100 4284 postrorum
1127 4208 1260 4288 ephym-

85 4312 174 4376 nium
199 4332 230 4377 v.
257 4320 319 4377 667
357 4322 390 4375 66
426 4318 489 4376 676
525 4313 615 4377 111616
652 4303 687 4374 οἵ
716 4315 861 4394 legatur,
887 4311 974 4390 quod
1000 4299 1149 4391 quisnam
1175 4313 1260 4377 alius

86 4420 327 4484 exclamaverit
356 4419 421 4483 dici
450 4428 605 4502 nequeat,
638 4440 703 4484 non
734 4421 848 4500 probo.
897 4419 947 4484 lla
978 4421 1063 4485 enim
1090 4423 1193 4488 verba
1217 4421 1258 4485 ad
