3130 5206
539 439 566 446 .,
626 407 665 466 41

15 661 16 664 ,
65 599 157 678 dixit,
183 618 255 664 eum
275 617 358 681 esse,
384 600 439 680 qui
457 599 544 678 apud
562 617 683 677 corpus
699 607 868 678 mortuum,
885 606 977 664 stans
995 591 1101 676 ἱῖμννν
1119 593 1234 679 ὑμνεῖν

10 711 11 716 ’
65 705 190 771 dicatur
213 706 386 785 ipsumque
418 707 490 771 eius
521 707 675 787 hymnum
707 724 782 771 esse
808 707 1019 786 epbymnium
1045 709 1232 787 insequens.

64 813 127 877 lam
152 822 303 895 apparet,
328 813 356 877 si
380 820 473 878 recte
489 814 684 878 tribuuntur
701 813 851 877 daemoni
868 815 1024 891 repetita,
1050 816 1134 880 satis
1160 833 1233 879 csse

64 939 119 984 cur
147 921 391 1000 Clytaemestra
415 937 454 983 ea
489 921 659 999 neglegat,
696 939 766 984 cum
804 921 985 984 choreutae
1022 923 1072 985 sic
1095 940 1159 985 non
1185 922 1233 999 ip-

64 1045 170 1092 sorum
195 1045 298 1107 suam,
324 1026 383 1091 sed
407 1027 578 1092 daemonis
602 1028 800 1092 sententiam
826 1026 1017 1111 proferant,
1048 1047 1234 1106 quanquam

13 1199 15 1220 Ἴ,
63 1152 122 1198 non
147 1133 244 1200 video
263 1134 318 1213 qui
334 1133 407 1198 fieri
425 1135 583 1213 potuerit,
604 1142 639 1200 ut
657 1143 691 1199 et
708 1134 950 1213 Clytaemestra
967 1143 1002 1200 et
1024 1143 1233 1212 spectatores

9 1227 10 1239 ¹
65 1242 161 1306 verba
196 1261 261 1306 non
298 1242 402 1322 chori,
437 1243 494 1306 aed
531 1242 700 1320 daemonis
733 1242 846 1306 afferri
884 1251 1135 1319 cognoscerent.
1190 1245 1234 1308 At

64 1349 208 1427 equidem
235 1348 269 1413 id
293 1368 358 1413 non
383 1351 498 1426 probo.
545 1349 626 1412 Nam
651 1350 791 1442 primum
816 1367 901 1428 nego
927 1348 1128 1429 daemonem,
1161 1369 1232 1414 cum

64 1474 118 1532 per
141 1456 301 1521 Helenam
337 1464 437 1535 atque
474 1456 748 1536 Clytaemestram
786 1457 930 1520 exitiosa
965 1455 1115 1520 facinora
1147 1475 1233 1520 com·

6 1631 10 1652 ,¹
64 1563 188 1630 miserit
224 1559 276 1645 (ut
311 1565 382 1642 ipse
418 1566 538 1628 chorus
579 1563 788 1642 declaravit),
825 1563 879 1626 hic
911 1563 1059 1628 Helenae
1084 1564 1169 1628 vitio
1195 1581 1233 1626 ea

9 1737 11 1742 ,
64 1677 191 1736 vertere
228 1689 335 1749 posse.
390 1670 517 1736 Deinde
556 1690 621 1735 non
658 1670 820 1748 intellego
857 1689 920 1749 quo
957 1671 1030 1734 iure
1064 1671 1233 1735 daemonis

6 1768 13 1852 J*
64 1785 176 1844 cantus
201 1797 272 1843 cum
310 1779 402 1844 corvi
437 1780 575 1845 vocibus
604 1786 826 1856 comparetur.
873 1777 954 1842 Nam
983 1778 1120 1842 tertium
1146 1778 1232 1856 quod

6 1879 7 1883 ’
63 1893 199 1950 vocatur
223 1886 482 1964 comparationis
508 1885 560 1950 bic
585 1905 649 1949 non
674 1886 778 1949 solum
804 1884 939 1949 videtur
962 1885 995 1948 id
1023 1903 1113 1965 esse,
1146 1884 1233 1963 quod

11 2071 12 2076 ἵ
62 1993 143 2070 pam
178 2009 298 2071 corpus
334 2001 497 2058 mortuum
529 2001 657 2073 statur,
689 1991 745 2058 sed
779 1993 866 2071 quod
895 2011 914 2056 a
943 1993 1113 2056 stantibus
1146 1992 1231 2070 apud

62 2116 178 2179 corpus
203 2108 366 2165 mortuum
407 2101 499 2165 laeta
530 2108 640 2165 tamen
679 2118 743 2164 vox
775 2099 931 2167 mittitur.
991 2100 1063 2163 Hoc
1099 2100 1233 2179 epbym-

61 2206 144 2271 nium
180 2216 290 2271 autem
322 2208 379 2272 vix
416 2208 607 2272 invenietur
643 2206 699 2285 qui
735 2208 857 2288 laetum
899 2213 1031 2270 cantum
1073 2207 1231 2284 appellet.

62 2314 182 2379 Contra
208 2313 453 2394 Clytaemestra
484 2316 628 2392 perbene
654 2333 725 2378 cum
752 2332 852 2377 corvo
878 2319 1232 2392 comparatur,'neque

62 2421 228 2500 quisquam
253 2422 316 2486 nisi
343 2440 382 2487 ea
407 2441 425 2486 a
450 2422 695 2499 spectatoribus
720 2421 872 2496 intellegi
891 2428 1035 2501 poterat,
1061 2439 1133 2484 cum
1155 2420 1232 2484 inde

61 2547 199 2594 eversu
226 2535 308 2594 1371
345 2529 568 2609 eceyclemate
597 2527 745 2593 adhibito
771 2547 891 2605 corpus
916 2528 1173 2621 Agamemnonis
1198 2535 1232 2592 ot

62 2635 302 2716 Clytaemestra
338 2644 431 2702 stans
467 2637 553 2714 apud
578 2634 612 2700 id
637 2635 897 2720 conspiciantur.
945 2639 1055 2712 Atque
1080 2635 1231 2714 hymnus,

61 2761 152 2820 quem
178 2744 278 2823 canit,
304 2752 382 2809 sunt
405 2740 646 2826 (translaticia)
670 2744 785 2823 verba,
810 2761 893 2821 quae
912 2761 1014 2821 usque
1038 2741 1145 2806 adbuc
1170 2743 1230 2806 bac

59 2850 90 2914 in
114 2867 215 2914 scena
250 2850 492 2932 pronuntiavit,
529 2851 649 2929 quibus
682 2849 772 2914 facto
809 2849 977 2928 gloriatur
1009 2867 1129 2927 magna
1158 2868 1229 2912 cum

57 2957 189 3022 laetitia
222 2957 278 3032 (cf.
315 2958 495 3036 praecipue
529 2976 559 3022 v.
598 2955 797 3037 labo-93).
857 2955 950 3038 Quod
990 2957 1090 3020 etiarn
1127 2957 1230 3020 tertia

58 3083 198 3142 persona
221 3059 398 3141 ἐπεύχεται
422 3083 453 3133 v.
480 3069 563 3128 1475
589 3064 678 3144 (post
702 3059 870 3142 epotavere
896 3069 979 3128 1469
1006 3072 1039 3128 et
1063 3056 1232 3143 κρατύνεις

59 3169 156 3256 1472)
192 3172 450 3252 commendatur,
491 3190 675 3251 quanquam
713 3171 875 3235 eiusmodi
912 3189 1126 3248 personarum
1162 3189 1230 3234 mu·

5 3273 6 3276 ’
57 3279 199 3344 tationes
223 3298 288 3344 nou
313 3279 483 3344 inauditae
508 3287 595 3343 sunt.
644 3277 825 3360 Quominus
850 3279 898 3341 ita
923 3279 1108 3341 subiectum
1133 3277 1229 3341 verbi

57 3381 232 3464 ἐπεύχεται
255 3388 405 3466 reginem
432 3405 506 3450 esse
531 3394 726 3466 statuamus,
746 3385 873 3450 tradita
889 3383 995 3448 forma
1011 3384 1144 3452 σταθείς
1164 3403 1228 3447 non

4 3485 6 3546 l
57 3494 286 3571 prohibemur,
322 3512 395 3558 nam
433 3512 491 3558 eae
527 3493 663 3557 litterae
700 3492 815 3556 eodem
856 3491 928 3556 iure
968 3483 1115 3552 παθεῖν’
1152 3499 1228 3554 ante

4 3623 6 3650 τ
55 3602 203 3666 vocalem
239 3601 398 3679 leguntur
433 3597 496 3684 (sic
532 3601 658 3678 primus
694 3596 862 3682 Schuetz).
910 3601 1020 3678 Atque
1056 3607 1094 3664 ut
1122 3600 1229 3677 magis

55 3709 266 3788 perspicuum
301 3710 347 3772 sit
380 3709 446 3773 iarn
479 3727 544 3772 non
577 3708 617 3771 de
643 3707 810 3788 daemone,
836 3706 893 3770 sed
919 3707 958 3770 de
983 3706 1228 3786 Clytaemestra

56 3818 191 3881 chorum
228 3816 319 3894 loqui
368 3850 409 3860 —
455 3813 542 3893 quod
584 3823 694 3880 tamen
730 3815 833 3879 tertia
875 3831 1018 3891 persona
1053 3820 1087 3876 et
1121 3812 1228 3878 lorma

53 3914 202 3984 παθεῖν’
231 3924 315 3986 satis
344 3922 512 3987 indicatur
545 3957 597 4003 -—,
623 3922 826 3999 accipiamus
851 3920 964 3986 Weilii
990 3921 1227 3999 coniecturam,

55 4032 107 4108 qui
135 4031 298 4111 lacunam,
324 4047 406 4107 quae
432 4036 543 4094 exstat
567 4037 644 4106 post
660 4023 834 4105 ἐπεύχεται
856 4036 1061 4093 monstrante
1079 4027 1226 4106 stropha,

53 4145 85 4201 et
109 4154 197 4216 quae
222 4138 331 4214 poscit
361 4137 556 4201 vocabulum
587 4135 720 4200 iambici
751 4136 868 4216 metri,
893 4153 975 4201 voce
1001 4127 1080 4216 γυνή
1103 4135 1227 4214 explet,

52 4263 89 4308 eo
115 4244 336 4325 probabilius,
373 4243 459 4321 quod
494 4244 560 4321 ipsi
596 4244 810 4307 coniecturae
848 4261 947 4308 causa
975 4243 1063 4306 inest
1092 4259 1227 4318 corrup·

51 4353 153 4432 telae,
190 4348 264 4414 dico
299 4349 546 4418 similitudinem
581 4351 772 4416 litterarum
807 4349 960 4422 vocabuli
996 4343 1076 4434 γυνή
1111 4355 1145 4416 et
1179 4332 1227 4414 in-

50 4458 225 4544 sequentis
248 4457 318 4533 νῦν,
