3130 5206
584 390 801 449 ..53-

100 584 303 662 praesertim
328 585 355 647 si
381 584 485 648 verba
508 576 603 664 πάρα
626 574 663 642 τὰ
687 580 754 661 φῶς
777 575 860 642 ἰδεῖν
882 581 982 644 huius
1006 580 1040 643 in
1065 576 1162 642 initio
1186 593 1281 640 acce·
1393 589 1397 596 ·

102 689 196 772 dunt,
233 691 339 768 ipsum
375 689 533 769 gaudium
566 689 660 753 chori
696 690 834 769 ipsaque
863 687 1005 767 laetitia,
1031 703 1155 750 summa
1179 691 1281 760 atque

100 797 278 878 fastigium
313 799 420 862 totius
456 797 624 877 carminis
660 797 903 875 exprimuntur.
956 793 1070 872 Neque
1105 792 1207 856 aliter
1237 790 1279 855 ad

102 906 348 984 antistropham
374 925 394 966 a
419 923 496 984 pars
519 907 541 984 p
563 905 658 985 quasi
683 904 900 985 ephymnium
919 919 991 966 sese
1015 898 1162 979 applicet
1183 916 1279 977 quam

103 1011 146 1076 ad
171 1013 352 1093 stropham,
388 1020 423 1078 et
457 1010 709 1089 coniungendae
745 1029 817 1075 cum
853 1009 1106 1088 antistrophay
1140 1008 1229 1088 parti
1261 1009 1284 1071 ni

104 1119 202 1197 quasi
238 1120 416 1200 ephymnio
452 1117 668 1184 difficultates
704 1120 839 1182 obstant
877 1117 1004 1196 nullae,
1045 1117 1198 1196 quoniam
1238 1116 1280 1181 ad

104 1226 219 1291 eadem
244 1225 369 1291 tradita
399 1227 503 1292 verba
533 1220 626 1307 πάρα
654 1219 691 1286 τὰ
723 1225 790 1304 φῶς
813 1219 897 1287 ἰδεῖν
920 1223 1055 1288 additur
1078 1232 1179 1303 atque
1203 1232 1281 1302 post

1 1325 8 1424 .
105 1334 287 1410 stropham.
1169 1380 1173 1390 .

1 1433 3 1441 ⁸
214 1441 278 1505 Sed
301 1448 412 1506 tamen
435 1450 553 1505 contra
577 1441 660 1504 haec
683 1441 843 1504 nonnulla
867 1440 979 1505 dicere
1003 1440 1116 1504 liceat.
1163 1440 1281 1505 Potest

106 1549 238 1628 quidem
264 1549 335 1613 illis
360 1549 473 1613 verbis
496 1542 589 1628 uduo
612 1543 650 1608 τὸ
674 1548 741 1627 φῶς
764 1541 848 1608 ἰδεῖν
863 1547 1047 1626 significari
1064 1546 1280 1626 repetendam

105 1675 181 1722 esse
219 1664 325 1722 totam
365 1664 494 1734 partem
534 1654 562 1736 δ,
605 1653 663 1718 sed
697 1671 835 1719 necesse
870 1673 936 1719 non
966 1663 1027 1719 est.
1068 1655 1182 1718 Nonne
1206 1655 1278 1720 lieri

104 1764 219 1843 potuit
243 1771 280 1827 ut
303 1771 404 1841 poeta
427 1763 577 1827 brevium
603 1762 855 1826 intercalarium
879 1779 1034 1827 versuum
1067 1779 1190 1840 genere
1219 1762 1279 1826 illo

106 1872 163 1936 hic
187 1877 351 1949 uteretur,
389 1869 476 1948 quod
510 1888 529 1933 1
566 1887 658 1934 mera
691 1869 936 1934 exclamatione
972 1868 1059 1933 haud
1088 1869 1136 1934 ita
1160 1870 1279 1948 procul

104 1980 213 2058 abest,
249 1984 286 2042 11
320 1977 354 2041 11
390 1977 608 2042 Eumenidum
643 1976 759 2056 exodo,
794 1977 829 2040 in
860 1978 1119 2056 Agamemnonis
1142 1977 1279 2058 paredo,

104 2087 142 2151 in
164 2085 344 2150 Persarum
376 2085 513 2149 stasimo
549 2084 693 2149 secundo
731 2079 785 2165 (de
814 2084 934 2163 quihus
965 2085 1050 2148 locis
1083 2102 1185 2162 supra
1214 2083 1280 2148 dis·

104 2193 236 2273 putavi,
260 2211 291 2270 p.
316 2197 346 2272 9,
371 2211 402 2270 p.
428 2196 479 2272 13,
505 2211 535 2270 p.
560 2197 601 2256 20
625 2190 734 2270 sqq.)?
781 2190 876 2272 Quod
900 2192 950 2256 ita
973 2191 1113 2269 stropha
1136 2200 1170 2256 et
1194 2179 1304 2255 anti?

1 2385 2 2390 ¹
105 2301 247 2379 stropha
271 2318 289 2377 y
311 2307 451 2378 tentum,
490 2318 554 2363 non
595 2315 707 2362 omnes
747 2300 905 2364 carminis
944 2306 1057 2378 partes
1093 2299 1280 2379 ephymniis

106 2415 247 2471 ornatae
281 2412 372 2488 sunt,
407 2407 567 2470 neminem
600 2405 757 2488 offendet,
787 2425 859 2471 cum
891 2407 992 2471 etiam
1016 2407 1076 2470 illo
1101 2407 1280 2471 Persarum

106 2515 183 2578 loco
208 2514 348 2591 primum
373 2513 585 2591 stropharum
609 2531 670 2590 par
696 2522 730 2578 et
759 2513 884 2591 epodus
914 2514 1068 2580 versibus
1101 2515 1280 2578 intercala-

105 2621 202 2685 rihus
236 2611 381 2685 careant.
431 2625 540 2699 Atque
575 2621 638 2684 hoc
669 2638 799 2702 quoque
832 2620 966 2700 dignum
996 2629 1076 2699 puto
1106 2621 1191 2700 quod
1225 2623 1283 2684 ob·

106 2736 278 2792 servetur:
318 2728 422 2791 multo
461 2717 624 2806 aptiorem
665 2746 738 2792 esse
777 2728 818 2793 ad
857 2728 1091 2793 declarandum
1123 2728 1281 2808 gaudium

105 2834 337 2913 laetitiamque
372 2836 481 2899 nostri
517 2835 641 2899 cantici
677 2835 835 2899 traditum
873 2837 945 2900 eius
976 2835 1071 2899 finem
1102 2855 1197 2914 quam
1224 2837 1280 2915 qni

105 2941 270 3018 statuitur
304 2942 453 3020 repetita
486 2941 627 3021 perseo
661 2937 780 3018 (notho
815 2937 897 3019 ἄγαν
921 2935 1041 3022 χρόνον
1063 2949 1284 3021 χαμαιπετεῖς

106 3041 233 3110 ἔκεισ1’
256 3041 334 3129 αἐί).
383 3049 464 3113 Nam
502 3050 568 3114 etsi
604 3048 719 3114 deesse
755 3069 819 3114 non
845 3058 956 3127 potest
979 3049 1012 3115 in
1036 3051 1099 3115 tali
1124 3052 1283 3132 carmine,

105 3175 171 3234 quo
190 3157 360 3221 1111111111
375 3157 508 3220 11111111
531 3157 682 3221 homines
707 3154 863 3221 diuturno
889 3158 974 3222 malo
999 3158 1147 3239 liberati,
1174 3158 1285 3237 ipsius

105 3262 187 3326 mali
212 3263 492 3344 commemoratio,
517 3271 629 3328 tamen
653 3263 688 3328 in
712 3263 775 3328 fine
793 3265 900 3328 minus
917 3272 970 3329 est
985 3273 1074 3346 apta,
1100 3264 1159 3330 sed
1175 3267 1284 3332 multo

105 3371 228 3436 melius
252 3371 439 3435 revertitur
462 3379 562 3449 poeta
586 3370 627 3435 ad
656 3373 773 3436 bonam
808 3373 997 3450 praesentis
1026 3373 1189 3452 temporis
1212 3373 1285 3438 tor--

105 3489 231 3542 1111111.

213 3606 317 3670 Sensn
352 3605 460 3683 igitur
499 3613 535 3669 ut
571 3605 604 3668 in
640 3604 775 3670 traditis
804 3623 1056 3683 perseveremus
1074 3629 1077 3635 ·
1093 3624 1285 3687 monemur,

105 3710 239 3776 accedit
274 3711 361 3790 quod
396 3712 486 3776 inter
520 3720 635 3790 partes
659 3711 781 3792 11111
814 3714 1000 3794 responsio,
1037 3729 1132 3791 quam
1169 3715 1197 3778 si
1227 3732 1282 3778 re-

105 3826 247 3898 spuatur
282 3836 393 3882 earum
429 3820 589 3896 repetitio
627 3821 818 3884 necessario
855 3820 1021 3912 postulari
1057 3828 1149 3902 puto,
1182 3820 1286 3886 facile-

105 3925 264 3991 efficitur.
312 3925 396 3991 Sane
421 3944 499 4005 pars
523 3928 545 4005 β
565 3926 701 4006 longior
724 3933 776 3991 est
800 3946 896 4006 quam
921 3945 998 4006 pars
1022 3927 1042 3989 δ
1068 3929 1178 4006 spatio
1207 3947 1282 3994 ver·

104 4035 224 4098 horum
250 4032 405 4111 δυσοίμου
428 4027 535 4114 τύχας,
560 4033 677 4098 sedin
702 4034 826 4098 ceteris
850 4053 969 4112 magna
1000 4035 1186 4115 aequalitas
1215 4055 1283 4100 me-

103 4150 236 4206 trorum
269 4140 436 4219 cernitur;
480 4149 639 4220 quattuor
672 4140 838 4220 utrimque
859 4141 971 4221 pedes
1003 4141 1147 4208 dochmii
1182 4145 1287 4209 huius

536 4385 862 4422 &vv—v*-
