3130 5206
762 409 967 474 .40,-

277 625 318 686 „o
342 604 412 669 lili“
437 605 621 684 alloquenti
646 605 833 670 reclamans
856 605 965 682 patris
990 622 1103 669 vocem
1129 613 1285 684 perpetra
1307 607 1456 674 eaedem.

277 714 368 793 litiae
404 713 507 777 verba
549 710 823 776 antecedentibus
860 728 920 789 per
952 705 990 771 od
1026 709 1064 772 δέ
1093 720 1327 791 annectuntur,
1373 714 1458 792 quia

277 823 416 884 Orestes
452 820 632 899 opponitur
668 819 833 897 personis,
870 818 909 882 de
947 819 1067 897 quihus
1103 820 1241 899 stropha
1275 838 1291 880 e
1319 821 1455 898 agitur:

207 944 211 950 ’
277 927 360 1004 ipsis
385 927 518 992 scilicet
541 925 684 1006 ancillis,
709 943 793 1004 quae
818 925 846 990 si
872 943 927 990 res
951 926 1033 990 hene
1058 927 1233 1006 cesserint,
1266 943 1302 990 se
1333 935 1456 992 cautus

275 1052 349 1098 esse
385 1041 579 1098 cantaturas
614 1033 823 1112 promittuut,
857 1041 893 1097 et
928 1033 1045 1097 amicis
1080 1033 1116 1112 (i.
1142 1051 1169 1097 e.
1209 1033 1325 1098 liberis
1361 1037 1455 1112 Aga-

276 1139 483 1224 memnonis),
508 1141 564 1219 qui
589 1148 683 1218 peste
708 1139 885 1204 liberatum
911 1141 954 1204 iri
979 1139 1147 1219 dicuntur,
1180 1149 1215 1205 et
1238 1140 1383 1206 sortasse
1408 1177 1454 1186 ——

276 1250 303 1312 si
330 1256 457 1315 rectum
483 1255 535 1312 est
558 1240 656 1308 πόλει
679 1265 708 1312 v.
722 1253 787 1310 820
812 1283 851 1290 —-
877 1247 942 1311 toti
968 1247 1109 1312 civitati.
1159 1249 1204 1313 ht
1228 1249 1350 1312 iterata
1375 1256 1456 1326 post

276 1357 518 1434 antistropham
545 1373 560 1415 a
587 1355 690 1418 verba
714 1353 754 1418 ad
779 1353 1014 1432 praecedentia
1038 1354 1150 1432 inepte
1174 1354 1352 1432 accedent3
1377 1374 1454 1420 nam

276 1469 447 1541 postquam
484 1469 557 1527 tota
592 1461 805 1539 antistropha
840 1461 971 1525 nonnisi
1007 1460 1047 1524 de
1083 1461 1203 1526 Oreste
1239 1479 1347 1526 sermo
1371 1461 1454 1541 luit,

277 1571 335 1650 qui
370 1588 430 1634 cur
465 1569 597 1634 caedem
634 1567 787 1633 conficiat
818 1585 955 1632 necesse
987 1569 1033 1633 sit
1064 1568 1256 1650 exponitur,
1281 1568 1359 1648 quid
1384 1570 1453 1633 sihi

276 1677 358 1743 velit
382 1677 577 1740 continuata
610 1693 670 1754 per
703 1669 742 1736 ol
777 1675 814 1736 δέ
847 1677 956 1740 oratio
988 1694 1053 1740 non
1078 1676 1262 1756 apparebit,
1289 1693 1360 1740 cum
1386 1695 1454 1740 uon

276 1785 321 1849 sit
346 1784 399 1848 cui
424 1782 458 1847 id
483 1791 680 1862 opponatur.
715 1782 828 1861 Neque
853 1783 938 1847 enim
963 1782 1090 1861 poterit
1114 1783 1234 1861 opponi
1251 1776 1310 1843 τὸν
1327 1778 1455 1862 civico,

276 1910 350 1955 nam
373 1909 478 1969 usque
502 1889 543 1955 ad
568 1891 662 1954 finem
689 1891 836 1970 Orestes,
855 1898 892 1954 ut
908 1891 1105 1970 subiectum,
1122 1903 1327 1968 resumptum
1349 1891 1454 1956 etiam

276 1999 456 2077 participio
491 1991 681 2077 ἐξαπολλίς,
717 1997 898 2075 praevalet.
952 1998 1133 2062 Praeterea
1168 1998 1240 2075 ipse
1277 1998 1455 2062 Wecklein

277 2101 345 2187 (1.1.
364 2124 395 2182 p.
410 2101 488 2188 222)
514 2106 672 2169 observet
695 2123 759 2169 non
777 2105 859 2168 hene
876 2112 952 2183 post
968 2105 1194 2185 narrationem
1212 2123 1337 2185 eorum,
1366 2123 1455 2183 quae

277 2211 408 2276 efecto
441 2212 509 2276 siut
541 2220 772 2292 consecutura,
808 2212 848 2276 ad
874 2213 980 2289 ipsum
1006 2219 1203 2276 momentum
1227 2212 1307 2276 facti
1333 2211 1454 2277 rediri.

277 2355 319 2363 —
342 2319 381 2383 lu
406 2318 550 2384 secundo
575 2320 786 2397 stropharum
812 2319 885 2398 pari
910 2319 938 2384 si
964 2317 1087 2402 parsu

487 2419 525 2487 τό
550 2424 584 2486 δὲ
608 2411 710 2494 καλῶς
733 2426 889 2504 κτίμενον
899 2424 921 2504 1)
944 2405 969 2486 ὦ
993 2429 1075 2504 μέγα
1099 2428 1200 2486 ναίων

488 2527 636 2612 στόμιον,
661 2510 697 2593 εὖ
722 2528 776 2601 tte
799 2525 927 2594 ἀνιδεῖν
951 2527 1053 2610 δόμον
1077 2526 1185 2614 (ideoq,

490 2637 576 2720 2)ααί
597 2659 649 2700 νιν
673 2635 867 2721 ἐλευθερίως

488 2745 649 2828 λαμπρῶς
672 2740 754 2808 ἰδεῖν
778 2745 900 2827 φιλίοις

490 2849 613 2933 ὄμμασι
638 2853 798 2936 δνοφερᾶς
822 2850 1012 2938 καλύπτρας

276 2971 351 3039 post
388 2961 630 3039 antistropham
668 2982 685 3040 γ
719 2963 897 3044 repetitur,
941 2964 1016 3028 miri
1053 2963 1179 3042 aliquid
1215 2965 1326 3042 hehet,
1361 2965 1453 3043 qnod
1556 2946 1561 3034 s

278 3068 436 3149 Apellei)
460 3069 512 3133 bis
536 3069 714 3134 invocatur
739 3070 836 3150 idque
861 3070 920 3152 ita,
946 3079 983 3135 ut
1008 3071 1090 3134 duae
1115 3072 1188 3134 eius
1218 3071 1455 3136 invocationes

384 3243 409 3311 l)
428 3248 560 3316 κτίμενον
579 3259 630 3314 pro
650 3237 790 3317 κτάμενον
809 3246 987 3316 Bamberger.

382 3331 409 3402 2)
429 3333 600 3390 Coniunctis
620 3335 775 3390 Hermanni
795 3335 999 3405 Dindorfnique
1018 3338 1194 3392 coniecturis
1209 3355 1340 3406 propono

594 3427 641 3477 καί
659 3445 704 3479 νιν
722 3422 885 3498 ἐλευθερίας
904 3425 961 3493 φώς

596 3508 725 3587 λαμπρὸν
744 3514 814 3568 ἰδεῖν
833 3518 933 3582 φιλίαις

596 3599 719 3676 ὄμμασιν
738 3602 768 3657 ἐκ
786 3604 923 3677 δνοφερᾶς
941 3600 1105 3675 καλύπτρας.
1553 3669 1555 3672 y

381 3693 408 3759 3)
427 3692 603 3762 Apollinem.
620 3713 678 3748 non
699 3694 851 3750 Plutonem
871 3695 965 3766 (quem
985 3696 1049 3749 vult
1066 3695 1250 3764 scholiastes)
1276 3697 1452 3766 iutellcgcn-

275 3784 340 3836 dum
369 3800 432 3836 esse
461 3782 632 3837 vocabulum
662 3777 773 3855 στόμιον
802 3785 896 3852 docet,
925 3787 1003 3854 quod
1031 3804 1094 3839 cum
1114 3787 1152 3840 sit
1175 3789 1306 3854 „ostium,
1325 3788 1451 3856 editus“,
1555 3784 1556 3791 ’

274 3890 332 3926 non
354 3872 447 3941 ipsum
467 3890 572 3941 orcum,
593 3874 652 3940 sed,
673 3874 696 3925 si
716 3874 752 3928 ad
766 3891 862 3928 oroum
877 3880 922 3928 est
935 3875 1126 3939 referendum,
1139 3877 1200 3930 eius
1214 3877 1322 3930 aditum
1336 3882 1451 3931 tanturn

275 3966 319 4023 (ut
339 3961 411 4015 Plat.
431 3962 492 4016 Pol.
507 3963 549 4026 10,
568 3981 595 4030 p.
607 3959 906 4032 tlunsslsignificare
926 3969 1032 4034 potest.
1054 3965 1110 4019 Hic
1129 3971 1222 4020 autem
1241 3964 1340 4021 fauces
1355 3971 1451 4022 terrae

274 4055 350 4113 sunt,
369 4069 455 4120 super
473 4050 576 4120 quibua
597 4051 770 4121 Delphicum
789 4053 933 4108 oraculum
953 4059 1014 4108 erat
1033 4060 1216 4110 exstructum.
1546 4045 1555 4126 ,³¹

381 4139 572 4194 Wilamowitz
590 4141 618 4194 in
639 4142 768 4196 editione
788 4141 1031 4212 Choephororum,
1052 4161 1125 4214 quae
1147 4162 1237 4213 nuper
1264 4144 1381 4214 prodiit,
1410 4146 1450 4200 de
1546 4135 1551 4164 λ’

274 4228 460 4282 emendandis
481 4229 524 4282 his
544 4230 676 4284 versibus
696 4233 852 4300 desperans
871 4229 919 4300 (of.
931 4251 957 4302 p.
968 4234 1025 4298 226,
1034 4230 1080 4302 27)
1099 4240 1193 4288 tamen
1219 4235 1260 4288 eis
1279 4233 1449 4302 Apollinem
1552 4219 1554 4237 ¹

274 4317 407 4386 intellegi
432 4337 489 4372 uon
510 4319 625 4374 ‘debere
653 4326 775 4375 conatur
796 4321 991 4378 demonstrare
1016 4323 1053 4393 (p.
1067 4323 1128 4391 230,
1142 4325 1178 4378 ad
1191 4344 1217 4380 v.
1231 4321 1375 4393 806-11).
1413 4325 1450 4380 ld
1543 4321 1557 4402 ,¹

274 4407 299 4462 si
318 4412 427 4462 rectum
445 4414 531 4477 esset,
551 4409 601 4462 illa
621 4409 752 4480 offensio,
772 4417 803 4465 ut
821 4417 866 4467 est
886 4419 1120 4481 consentaneum,
1141 4420 1218 4470 esset
1238 4415 1449 4486 sublata(quae
1543 4403 1557 4424 '
