3130 5206
811 439 1004 498 ..q-.

322 634 423 698 habet
453 651 550 712 quam
580 639 618 696 ut
646 632 820 709 responsio
848 641 1022 709 augeatur.
1069 630 1184 710 Neque
1214 631 1303 694 intra
1327 629 1496 708 stropham

323 743 427 821 locus,
465 759 528 818 quo
564 739 778 819 adhibeatur,
808 747 859 802 est
888 739 1176 818 circumscriptus:
1207 739 1240 802 in
1271 738 1368 802 initio
1398 745 1497 814 atque

325 849 359 913 in
384 848 446 911 flue
477 864 662 926 quanquam
699 864 779 910 usus
815 845 1025 924 frequentior
1054 854 1120 926 est,
1149 854 1259 909 tamen
1288 845 1388 910 etiarn
1413 845 1497 907 locis

244 1027 247 1033 ,
326 956 433 1019 minus
447 954 639 1034 insignibus
653 971 752 1030 saepe
768 952 946 1017 invenitur.
983 953 1097 1032 Neque
1111 961 1234 1032 quanta
1252 953 1297 1016 sit
1312 952 1498 1030 aequalitas

324 1063 570 1140 praescriptum
595 1067 663 1125 est:
688 1068 757 1124 tum
783 1059 908 1124 formae
933 1061 1109 1126 verborum
1135 1060 1241 1124 solum
1267 1059 1393 1123 similes
1411 1067 1498 1140 suut,

324 1177 392 1234 tum
423 1169 576 1247 singulae
606 1168 757 1248 syllabae
788 1175 986 1247 congruunt,
1015 1176 1085 1232 tum
1114 1173 1186 1231 tota
1222 1166 1400 1246 voeabula,
1428 1173 1498 1230 tum

327 1295 481 1342 versuum
508 1282 631 1356 partes,
654 1281 724 1338 tum
749 1292 866 1341 versus
890 1281 1098 1352 repetuntur.

431 1404 476 1464 At
501 1400 670 1480 epbymnii
699 1417 783 1463 unus
812 1399 905 1463 locus
935 1407 1000 1464 est:
1031 1418 1094 1463 non
1123 1401 1260 1477 ponitur
1287 1399 1353 1462 nisi
1379 1399 1412 1462 in
1437 1398 1500 1462 fine

328 1514 493 1572 certarum
521 1507 678 1570 carminis
707 1507 867 1586 partium,
892 1507 963 1572 sive
988 1507 1147 1570 maiorum
1175 1506 1245 1572 sive
1271 1507 1432 1570 minorum
1460 1497 1500 1550 '-

326 1614 412 1693 quod
442 1615 548 1692 ipsum
577 1632 695 1677 nomen
724 1613 813 1692 vult3
844 1613 1016 1694 ostentm,
1042 1613 1223 1679 utSuidae
1250 1613 1289 1694 (s.
1315 1609 1361 1696 v.)
1387 1611 1501 1678 verbis

326 1729 414 1802 utar,
438 1713 475 1781 τὸ
501 1715 557 1781 ἐπὶ
580 1720 625 1802 τῷ
655 1711 746 1804 ὕμνῳ
775 1702 872 1800 ᾆσμα,
903 1728 1019 1785 cantus
1044 1722 1100 1800 qui
1125 1721 1165 1784 ad
1191 1721 1345 1801 hymnum
1371 1718 1502 1782 aceedit

328 1848 432 1893 —ae
458 1846 589 1906 semper
616 1829 685 1892 tale
710 1835 776 1907 θεῖ,
803 1834 839 1891 ut
867 1829 1066 1892 sententiam
1093 1829 1268 1906 integram,
1293 1845 1376 1905 quae
1402 1825 1502 1890 etiam
1552 1819 1553 1888 l

330 1955 351 2000 a
375 1936 499 2000 ceteris
528 1935 639 2003 soluta
668 1935 776 2012 possit
807 1935 980 2014 intellegi‚'
1002 1933 1137 2014 efficiat,
1167 1936 1238 2000 sive
1268 1934 1418 1998 continet
1446 1951 1502 1996 ex-

330 2042 560 2106 clamationem
592 2059 632 2106 ex
661 2060 725 2105 uno
755 2042 808 2107 vel
839 2041 991 2118 pluribus
1020 2042 1159 2107 vocibus
1194 2048 1400 2106 constantem
1429 2040 1502 2104 sive
1552 2113 1553 2116 Ἴ

328 2152 493 2226 integram
520 2148 793 2212 enuntiationem.
842 2147 933 2212 Adeo
958 2157 1067 2213 autem
1093 2167 1157 2212 non
1182 2148 1277 2212 modo
1302 2149 1335 2211 in
1362 2147 1503 2212 Graecis

330 2257 476 2320 choricis
494 2256 647 2320 cantibus
664 2254 846 2335 invenitur,
864 2255 951 2318 utin
969 2255 1171 2319 carminibus
1189 2255 1331 2318 omnium
1353 2254 1503 2332 gentium

329 2365 402 2428 eius
439 2364 487 2426 rei
524 2363 674 2440 exempla
710 2363 788 2426 sint.
842 2361 933 2442 Quae
976 2363 1085 2426 omnia
1121 2381 1252 2426 causam
1288 2363 1427 2426 trabunt
1463 2379 1504 2423 cx

331 2470 461 2550 origine
487 2470 748 2550 ephymniorum
774 2487 857 2547 quae
881 2469 954 2546 ipsa
971 2487 1042 2532 eum
1066 2469 1197 2548 origine
1218 2455 1331 2547 poesis¹
1348 2469 1504 2532 ehorieae

330 2584 383 2642 est
407 2595 542 2642 conexa.

438 2701 528 2783 Quae
554 2709 662 2766 autem
689 2700 792 2766 luerit
808 2703 916 2779 prima
933 2701 1132 2780 propriaque
1151 2703 1201 2766 vis
1222 2700 1401 2781 epbymnii‚
1420 2701 1505 2762 bene

331 2827 372 2872 ex
407 2809 481 2872 loco
518 2809 696 2872 Homerico
732 2805 1028 2890 (iuraulesqq),
1066 2808 1122 2886 qui
1146 2808 1242 2872 simul
1267 2808 1405 2886 primum
1430 2807 1505 2870 eius

331 2917 366 2980 in
389 2915 518 2980 litteris
544 2896 684 2979 Graecis
714 2914 940 2978 testimonium
969 2921 1034 2994 est,
1061 2915 1300 2994 cognoscimus.
1337 2915 1387 2978 Ibi
1419 2913 1504 2976 euim

332 3032 497 3087 mortuum
533 3023 712 3086 Hectorem
748 3023 883 3085 'lroiani
921 3023 970 3086 ita
1005 3023 1240 3103 lamentantur,
1276 3029 1313 3086 ut
1347 3022 1506 3098 deinceps

333 3129 575 3209 Andromache,
602 3130 749 3208 Hecuba,
775 3129 902 3192 Helena
925 3130 1063 3193 threnos
1081 3138 1210 3210 canant,
1236 3148 1373 3208 quorum
1391 3147 1507 3193 unum·

333 3254 495 3315 quemque
521 3237 551 3300 ei
578 3236 634 3314 qui
657 3235 778 3299 adsunt
802 3236 957 3314 excipere
982 3236 1148 3318 dicuntur,

336 3362 364 3407 v.
391 3348 454 3406 746
480 3325 519 3435 οἷος
545 3337 647 3422 ἔφατο
671 3333 826 3423 adeleno]
851 3337 909 3403 ἐπὶ
934 3340 969 3403 δὲ
993 3338 1191 3421 στενάχοντο
1216 3350 1375 3424 γυναῖκες,

333 3469 365 3515 v.
391 3455 454 3514 760
479 3438 519 3517 ὦς
544 3443 646 3528 ἔφατο
672 3447 838 3529 κλαίουσα,
865 3443 942 3527 γόον
965 3441 1149 3511 δ’ἅλίαστον
1173 3445 1292 3532 ὄρινεν,

335 3576 365 3623 v.
394 3562 455 3620 776
481 3538 521 3625 ὧς
546 3550 647 3636 ἔφατο
673 3547 826 3637 xtatovr',
852 3551 907 3616 ἐπὶ
931 3547 1072 3618 δ’ἔστονθ
1096 3556 1194 3639 δῆμος
1218 3549 1374 3639 ἀπείρων.

335 3663 420 3745 Quid
456 3664 499 3744 ei,
535 3663 591 3741 qui
628 3664 883 3728 lamentationes
919 3663 1099 3743 excipiunt,
1135 3665 1361 3744 pronuntient,
1397 3672 1510 3728 utrum

335 3771 497 3837 vocabula
532 3789 574 3834 an
608 3771 863 3835 interiectiones
899 3788 1006 3834 meras
1031 3770 1173 3851 doloris,
1197 3791 1261 3835 non
1286 3770 1370 3835 dicit
1393 3779 1510 3850 poeta;

337 3876 395 3942 sed
420 3877 589 3957 babemus,
620 3876 706 3941 uude
736 3877 904 3957 epbymnii
935 3895 1006 3968 mos
1034 3885 1129 3941 ortus
1158 3895 1230 3941 esse
1260 3877 1425 3955 putandus
1450 3878 1511 3942 sit:

337 4003 434 4049 unum
465 3984 522 4062 qui
551 3985 663 4062 aliqua
692 3984 790 4063 canit,
822 3991 855 4048 et
889 3984 1024 4047 eborum
1059 3985 1114 4062 qui
1145 3985 1257 4048 cantui
1291 3984 1362 4048 eius
1395 3985 1512 4062 aliqua

338 4090 441 4155 addit.
483 4091 534 4154 Ex
559 4091 746 4155 huiusmodi
771 4090 915 4167 simplici
940 4089 1045 4155 forma
1070 4109 1224 4156 versuum
1248 4091 1513 4174 intercalarium,

337 4197 525 4276 ubicunque
560 4198 786 4278 inveniuntur,
823 4215 915 4260 usum
952 4197 1138 4275 profectum
1175 4217 1249 4264 esse
1278 4217 1349 4263 mea
1379 4199 1512 4277 quidem

338 4305 505 4369 sententia
534 4311 676 4385 constat,
707 4323 893 4384 quanquam
922 4303 995 4369 fieri
1024 4313 1136 4384 potest
1159 4313 1206 4385 ut,
1232 4307 1261 4370 si
1286 4307 1360 4384 quis
1384 4308 1514 4370 nostris

338 4412 543 4489 temporibus
579 4412 612 4475 in
649 4411 795 4475 carmine
833 4411 1012 4475 scribendo
1045 4431 1084 4476 ea
1119 4411 1358 4477 consuetudine
1391 4413 1513 4494 utitur,
