3130 5206
788 384 1006 444 „54-

312 574 443 639 initium
482 572 664 652 faciunt¹);
706 593 789 653 quac
829 585 940 640 autem
979 585 1057 641 sunt
1095 577 1225 656 reliqua
1270 581 1487 654 χαμαιπετεῖς

310 674 437 742 ἔκεισθ’
461 673 578 746 risset
612 674 678 743 ὑπὸ
712 682 803 744 δυοῖν
837 678 1030 762 μιαστόροιν
1065 682 1105 748 ad
1142 684 1277 748 eandem
1314 685 1485 748 metricam

310 807 469 869 normam,
503 790 677 853 iambicum
708 789 892 870 dimetrum,
923 790 1089 856 ducuntur
1120 791 1283 855 facillima
1302 791 1485 856 Hermanni

312 897 506 976 mutatione,
543 898 599 975 qui
633 914 693 974 pro
729 888 795 957 dud
832 898 952 961 scribit
988 889 1081 980 ὑπαί,
1115 917 1198 977 quae
1223 898 1485 976 praepositionis

310 1002 420 1067 forma
444 1023 463 1067 a
486 1005 629 1082 tragicis
653 1005 802 1085 saepius,
827 1006 862 1068 in
894 1005 1036 1070 choricis
1067 1006 1258 1083 praecipue,
1292 1013 1484 1083 usurpatur.

312 1110 446 1174 Lacuna
469 1112 577 1189 igitur
608 1119 660 1176 est
691 1112 724 1175 in
757 1112 821 1176 fiuo
853 1113 960 1190 partis
985 1111 1013 1192 δ,
1045 1113 1170 1176 utiam
1195 1113 1327 1176 Ahrens
1352 1102 1484 1192 statuit,

308 1217 495 1296 supplenda
518 1219 617 1283 unius
646 1217 789 1283 docimii
822 1217 916 1298 pedis
948 1230 1063 1284 metro.
1111 1218 1204 1300 Quod
1235 1220 1263 1282 si
1296 1219 1487 1298 quisdicat

313 1333 451 1404 propter
481 1325 647 1403 integrum
679 1343 810 1391 sensum
845 1345 958 1403 parum
992 1345 1064 1390 esse
1097 1327 1292 1406 uerisimile,
1322 1327 1486 1403 respiciat

311 1435 411 1498 etiam
447 1435 550 1498 verba
583 1432 737 1511 δυσοίμου
773 1430 882 1514 τύχας,
919 1452 1002 1512 quae
1031 1433 1079 1498 od
1114 1444 1241 1512 partem
1266 1435 1288 1512 β
1311 1432 1485 1512 accedunt,

311 1540 396 1604 adeo
420 1560 484 1606 non
510 1559 583 1605 osse
603 1543 804 1621 necessaria,
823 1549 859 1605 ut
875 1560 970 1610 nemo
988 1541 1015 1605 si
1035 1542 1248 1606 allassontes
1266 1540 1484 1604 desideraret.

417 1649 563 1726 Propter
598 1666 637 1712 ea
672 1667 756 1726 quae
792 1649 891 1714 attuli
928 1650 983 1712 hic
1016 1666 1146 1727 quoqne
1182 1647 1309 1714 tradita
1345 1664 1484 1712 seruans

312 1754 513 1820 mesodicam
538 1757 812 1834 compositionem
835 1755 1044 1820 statuendam
1070 1774 1142 1820 esse
1173 1761 1266 1834 puto,
1298 1773 1484 1833 quanquam

312 1862 456 1928 concedo
496 1881 565 1943 eos,
601 1864 657 1941 qui
693 1864 821 1928 malunt
856 1866 1016 1942 pertesi!
1046 1871 1080 1927 et
1104 1862 1182 1927 dut
1207 1862 1383 1942 eplrymnia
1408 1870 1485 1939 post

310 1971 542 2049 antistroplias
573 1977 738 2051 repetere,
772 1971 827 2034 hic
857 1979 924 2034 tam
953 1969 1052 2033 facile
1085 1989 1180 2048 qllam
1215 1969 1338 2034 ceteris
1363 1969 1485 2047 quibus

312 2077 422 2142 inesse
462 2095 500 2141 ea
536 2077 642 2142 forma
677 2078 757 2152 milri
794 2077 970 2141 videbatur
1003 2077 1087 2141 locis
1118 2076 1262 2142 refutari
1286 2095 1350 2140 non
1374 2093 1485 2154 posse.

309 2183 489 2249 Structura
513 2185 671 2249 carminis
696 2183 801 2262 igitur
825 2202 897 2248 mea
921 2183 1052 2263 quidem
1077 2183 1243 2249 sententia
1268 2190 1320 2246 est
1344 2184 1426 2246 liaeo

740 2293 805 2356 Str.
831 2311 851 2350 α

791 2399 919 2478 illest

739 2508 816 2572 Ant.
842 2524 862 2564 α

740 2632 806 2698 Str.
831 2651 848 2709 γ
872 2648 905 2712 -p
930 2631 1015 2709 Epir.
1110 2709 1113 2716 Ι

793 2739 954 2802 ⁴intimes.
979 2740 1001 2818 β

741 2847 818 2911 Ant.
844 2865 861 2922 γ
885 2862 918 2925 Δ,
943 2845 1028 2922 Epir.

419 2970 488 3035 Iam
525 2971 587 3034 hae
623 2971 897 3034 commentatione
933 2969 974 3033 ad
1002 2969 1098 3033 finem
1130 2968 1292 3047 perducta
1316 2967 1398 3031 addo
1424 2985 1488 3048 mo,

309 3096 497 3156 quanquam
520 3078 589 3141 tria
614 3078 760 3141 carmina
784 3077 945 3156 quomodo
971 3084 1104 3142 cantata
1122 3094 1194 3140 esse
1212 3076 1291 3139 milri
1306 3074 1489 3139 'videantur

213 3188 216 3192 ’
313 3203 414 3263 supra
431 3186 568 3263 exposui
588 3182 788 3266 (p.10sqq.;
808 3191 847 3250 12
866 3203 954 3269 sqq.;
974 3186 1116 3265 itaqu),
1134 3184 1174 3247 de
1191 3163 1323 3248 ratione
1347 3181 1489 3245 cauendi

311 3301 427 3357 cetera
452 3293 564 3356 silere.
611 3293 693 3356 Nam
718 3311 789 3355 cum
814 3293 869 3356 vel
893 3292 963 3356 illic
989 3292 1079 3356 ultra
1103 3289 1265 3369 quandam
1293 3288 1489 3356 verisimili-

314 3399 462 3463 tudinem
486 3399 646 3478 progredi
670 3419 735 3463 n0n
760 3399 975 3480 potuerimus,
1000 3399 1054 3462 hic
1079 3417 1119 3461 ne
1145 3397 1329 3462 uerisimile
1354 3394 1488 3474 quidem

310 3505 491 3584 quidquam
525 3506 564 3570 de
601 3525 640 3570 oa
675 3524 712 3570 re
749 3507 815 3571 dici
851 3524 949 3585 posse
983 3506 1063 3569 mihi
1109 3504 1239 3584 quidem
1287 3499 1489 3584 persuasit).

420 3719 446 3787 1)
466 3700 624 3776 Dochmios
645 3721 733 3790 pedes
753 3721 869 3788 saepius
888 3719 1051 3788 Aeschylus
1071 3720 1112 3773 ita
1131 3719 1208 3772 inter
1226 3735 1258 3771 sc
1277 3715 1489 3784 respondentes

311 3809 392 3878 facit,
413 3816 445 3864 ut
463 3812 554 3879 primo
587 3811 653 3866 loco
683 3811 729 3864 hic
758 3810 898 3879 syllabam
926 3810 1050 3879 longam,
1078 3809 1140 3862 illic
1170 3808 1286 3863 brevem
1305 3811 1435 3876 poneret,
1456 3810 1490 3857 ut

314 3899 393 3970 Sept.
414 3901 508 3954 108m
525 3901 586 3968 122,
605 3901 656 3955 551
668 3913 698 3952 υ)
713 3900 765 3953 614
785 3897 863 3968 (bis),
882 3900 975 3954 553m
991 3900 1052 3962 616,
1071 3899 1163 3953 67311
1182 3899 1243 3965 679,
1271 3895 1371 3966 Suppl.
1386 3895 1479 3948 taso>

313 3991 374 4057 408,
395 3992 447 4045 399
458 4003 489 4041 ω
504 3991 566 4059 409,
579 3992 630 4044 745
643 4003 675 4040 <n
692 3992 751 4058 752,
760 3992 812 4045 758
822 4003 853 4040 σι
871 3991 930 4058 765,
942 3991 1035 4043 Proui.
1045 3990 1098 4043 599
1110 4002 1139 4040 J>
1156 3988 1216 4055 621,
1230 3988 1281 4057 Ag.
1292 3986 1398 4038 1163m
1409 3985 1489 4038 1174.

316 4081 450 4137 Ceterum
469 4100 527 4136 non
547 4083 705 4152 perfectam
733 4100 797 4136 esse
825 4083 854 4134 in
874 4081 930 4135 hoe
950 4081 1075 4134 carmine
1095 4083 1249 4132 metrorum
1267 4076 1490 4146 responsionem

314 4172 421 4226 docent
440 4201 474 4208 -
493 4176 524 4224 ut
544 4173 654 4226 incerta
673 4172 802 4225 omittam
822 4200 854 4208 —
875 4189 902 4226 v.
921 4169 973 4224 952
992 4169 1080 4224 verba
1098 4157 1113 4219 ὅ
1134 4159 1306 4238 Παρνάσσιος
1326 4169 1490 4233 comparata

312 4278 377 4314 cum
396 4261 493 4316 verbis
513 4279 540 4315 v.
550 4261 603 4314 963
624 4252 723 4332 χρόνος
743 4247 904 4332 clusianae.

420 4349 447 4418 2)
468 4349 556 4414 Quam
576 4350 664 4404 dubia
684 4350 722 4404 sit
742 4367 774 4403 ea
794 4366 848 4415 res,
869 4348 1027 4416 exemplum
1047 4348 1133 4419 docet
1152 4344 1337 4400 Weckleinii.
1374 4343 1489 4397 Issatis
