3130 5206
565 421 781 480 „31-

81 610 350 675 coniunctionem
376 628 489 674 eorum
507 611 639 674 omniuo
656 629 722 674 non
739 620 896 689 spectans
912 612 947 676 in
964 612 1073 676 animo
1092 611 1257 692 hahuerit,

81 717 116 781 id
141 716 252 782 faeere
277 736 344 781 uon
368 717 517 796 potuisse
542 717 601 782 illo
627 717 797 782 carmine?
821 717 885 782 Sed
912 726 1023 785 tamen
1048 719 1257 785 Weckleinio

81 823 302 890 concedamus
320 823 477 889 etiamad
495 824 761 889 coniunctionem
777 826 1030 906 ephymniorum
1053 825 1256 905 aliquantum

81 940 204 1010 poetae
228 931 408 996 ludibrium
423 932 478 996 hic
495 931 677 1010 pertinere.
713 930 873 1013 Quaestio
892 933 999 1012 igitur
1017 951 1104 1000 nova
1122 933 1258 998 exsistit

81 1039 215 1118 quinam
250 1056 351 1105 verus
382 1039 429 1103 sit
452 1039 502 1102 rei
526 1045 646 1104 status.
685 1040 796 1118 Atque
820 1047 858 1104 ut
882 1040 995 1106 statim
1021 1039 1099 1119 quid
1116 1040 1257 1105 santiam

81 1145 269 1224 proferam:
293 1164 357 1211 uon
381 1145 567 1213 verisimile
592 1162 666 1209 esse
691 1163 810 1211 censeo
828 1153 958 1224 poetam
976 1165 1129 1227 unquam,
1155 1154 1192 1211 ut
1215 1148 1256 1211 ab

82 1251 246 1331 Euripide
270 1253 517 1331 Aristophaneo
541 1251 589 1333 fit,
607 1253 785 1333 ephymnia
801 1254 851 1318 ita
867 1251 1036 1318 addidisse
1053 1261 1090 1318 ut
1106 1254 1255 1332 ineptiae

82 1358 276 1424 evaderent.
317 1358 410 1441 Quod
435 1360 576 1438 primum
593 1360 752 1440 Aeschyli
770 1361 906 1440 ingenio
924 1379 1062 1439 prorsus
1085 1360 1257 1441 indiguum

81 1466 163 1531 mihi
185 1466 330 1533 videtur.
378 1465 507 1531 Deinde
531 1474 641 1531 autem
665 1485 731 1530 non
755 1469 893 1532 multum
918 1467 994 1533 fidei
1019 1469 1257 1547 Aristophanis

82 1573 230 1639 ludibrio
264 1574 477 1638 tribuendum
513 1591 587 1638 esse
622 1573 732 1638 efficio
769 1592 810 1639 ex
846 1593 885 1639 ea
919 1576 1051 1640 ratione
1087 1594 1151 1654 qua
1174 1575 1257 1640 alias

41 1729 44 1734 .
82 1681 243 1762 Aeschyli
281 1680 521 1760 Euripidisque
561 1681 818 1745 consuetudines
854 1682 908 1747 vel
944 1682 1037 1746 locos
1073 1683 1107 1746 111
1143 1682 1256 1747 eadem

82 1787 198 1852 fabula
221 1786 356 1852 irrideri
381 1786 473 1853 facit.
521 1789 624 1852 Velut
647 1789 681 1851 in
705 1788 767 1852 hoc
791 1790 957 1868 exemplo:
996 1789 1068 1854 Hoc
1094 1791 1166 1868 ipso
1181 1789 1256 1853 loco

82 1914 132 1976 eo,
173 1895 259 1974 quod
298 1895 480 1974 Euripides
518 1913 637 1961 versus
677 1913 717 1959 eu
757 1895 902 1962 diversis
942 1897 1101 1977 Aeschyli
1132 1895 1257 1962 fabulis

82 2002 248 2068 collectos
273 2003 450 2084 componit,
476 2009 513 2066 ut
528 2021 595 2066 una
612 2020 684 2066 cum
702 2003 878 2083 ephymnio
896 2010 974 2081 post
994 2021 1258 2082 unumquemque

83 2127 197 2173 eornm
231 2110 377 2187 repetito
402 2128 500 2174 unum
526 2109 695 2174 eboricum
720 2117 852 2176 cantum
877 2109 1033 2186 efficiant,
1063 2129 1127 2175 non
1152 2111 1257 2175 totius

82 2216 227 2281 alicuius
251 2217 461 2297 Aeschyleae
485 2217 643 2295 strophae
662 2216 803 2297 singulis
824 2218 978 2283 versibus
999 2218 1144 2282 iocosam
1166 2216 1256 2282 illam

82 2322 298 2401 appendicem
322 2323 415 2388 addit
440 2320 599 2407 (itemque
623 2325 981 2406 v.1285·-1295,-ubi
1006 2323 1258 2405 φλαττοθραττο

83 2427 299 2511 φλαττοθρατ
315 2428 545 2514 immiscetur),
563 2432 802 2496 obscuritatem
819 2431 981 2511 quandam
992 2431 1256 2511 Aeschyleorum

84 2538 294 2602 choricorum
319 2537 509 2617 impugnari
533 2539 665 2602 Kockio
691 2538 918 2620 concedemus,
943 2539 1000 2618 qui
1025 2534 1081 2621 (ad
1101 2557 1130 2604 v.
1157 2535 1256 2622 1264)

83 2652 236 2710 annotat:
262 2653 392 2723 poetam
425 2664 464 2710 eo
495 2645 589 2710 modo
614 2645 806 2726 significare
831 2647 992 2727 voluisse,
1017 2646 1046 2710 si
1071 2645 1144 2725 quis
1169 2647 1257 2710 eius·

83 2751 171 2815 modi
212 2759 369 2816 centones
410 2753 645 2833 composuerit,
685 2772 749 2817 non
790 2754 1016 2818 obscuriorem
1056 2754 1256 2819 seutentiam

84 2858 227 2924 evadere
262 2878 357 2937 quam
397 2878 480 2938 qnae
518 2859 600 2925 insit
634 2861 667 2924 iu
716 2861 917 2924 carminibus
953 2861 1100 2924 intactis.
1148 2861 1257 2942 Quan-

84 2984 181 3044 quam
217 2967 291 3045 quis
327 2973 380 3032 ost
415 2967 493 3046 quin
520 2968 621 3047 sciat,
651 2986 745 3046 quam
779 2986 884 3046 parva
907 2986 984 3046 pars
1010 2968 1083 3032 eius
1108 2967 1257 3032 criminis

84 3073 174 3138 iusta
198 3074 253 3137 sit.

192 3199 376 3276 Propterea
402 3199 508 3276 igitur
532 3218 595 3262 non
620 3200 724 3263 licere
749 3201 905 3264 existimo
930 3200 1080 3265 adhibito
1105 3201 1178 3265 loco
1196 3199 1255 3263 illo

86 3306 333 3382 Aristophaneo
382 3301 592 3386 ephymuium
647 3315 762 3371 nostro
801 3308 875 3371 loco
910 3316 986 3385 post
1026 3307 1255 3385 antistrophas

84 3413 222 3476 alteram
249 3420 283 3477 ot
307 3414 442 3478 tertiam
468 3414 648 3491 repetitum
674 3413 860 3478 defendere.
908 3415 988 3478 Nam
1014 3415 1080 3479 etsi
1110 3415 1254 3478 fortasse

84 3526 162 3596 post
196 3521 332 3583 tertiam
372 3520 614 3598 antistropham
655 3521 796 3585 tolerari
831 3523 948 3600 possit.
988 3529 1079 3585 certe
1114 3522 1142 3585 si
1179 3529 1257 3598 post

85 3625 261 3690 secundem
302 3627 519 3709 restituetur,
561 3628 624 3692 iam
660 3647 724 3691 non
761 3630 899 3693 multum
935 3630 976 3693 ab
1012 3629 1151 3706 ineptiis
1186 3628 1255 3692 illis

85 3733 344 3812 Aristophaueis
369 3733 510 3799 differat.

192 3858 256 3935 Sed
292 3858 447 3937 quoniam
482 3859 569 3923 1111111
604 3860 770 3924 Ranarum
805 3860 912 3924 locum
938 3861 1040 3925 semel
1069 3861 1255 3943 attigimus

85 3965 309 4045 quaerendum
333 3973 395 4048 est,
420 3984 492 4030 cum
517 3967 755 4044 Aristophanis
779 3967 960 4032 ludibrium
977 3968 1018 4033 ad
1039 3969 1123 4033 talia
1139 3976 1256 4033 nostra

85 4072 217 4151 quidem
253 4073 420 4137 sententia
455 4074 625 4151 pertinere
660 4093 725 4138 uon
748 4074 913 4154 videatur,
937 4093 1095 4153 quaenam
1122 4077 1254 4157 ephym·

86 4181 214 4243 niorum
250 4180 401 4257 exerupla
437 4197 475 4243 eo
508 4187 699 4266 teneantur.
747 4182 1013 4246 Remiuiscamur
1041 4201 1124 4261 quae
1149 4182 1255 4247 adhue

85 4286 181 4350 nobis
217 4287 428 4351 occurrerint
463 4287 633 4351 liberioris
667 4306 737 4352 cum
775 4288 1050 4355 antecedentibus
1086 4290 1255 4370 ephymnii

85 4392 329 4458 coniunctionis
365 4394 525 4471 exempla.
573 4395 644 4459 Hoc
679 4394 808 4474 quidem
832 4414 948 4478 genus,
979 4415 1054 4480 quo,
1078 4404 1116 4462 ut
1138 4385 1255 4462 nostro
