3130 5206
799 403 1016 466 ,14-

320 597 444 662 iussum
469 598 697 678 perficeretur,
722 596 946 686 respondisse,
971 595 1028 661 sed
1062 596 1212 675 potuisse
1242 597 1378 660 chorum
1409 595 1495 672 ipsis

319 706 444 785 vorbis,
470 706 589 783 quibus
625 705 776 786 iuberet,
806 705 903 770 iussa
932 710 1116 782 praestare.
1165 703 1228 769 Sed
1253 721 1354 768 causa
1377 701 1417 766 ad
1442 720 1495 766 re-

319 811 490 875 futandam
526 811 726 877 Weckleinii
763 814 963 877 sententiam
1001 821 1254 890 oeterorumque
1283 810 1388 875 allata
1411 811 1494 874 milri

320 918 403 981 satis
445 936 518 983 esse
557 938 622 982 non
662 918 806 984 videtur.
867 919 948 983 Nam
990 927 1223 998 praeterquam
1263 917 1349 997 quod
1389 917 1495 981 solius
1553 971 1554 990 ,

320 1026 500 1105 coryphaei
531 1034 662 1091 cantum
688 1028 837 1106 respicit,
869 1026 1079 1104 cogitandum
1110 1035 1161 1090 est
1190 1025 1289 1090 etiam
1317 1042 1378 1103 per
1410 1023 1495 1088 alias
1553 1105 1554 1110 ἵ

320 1141 433 1209 partas
458 1132 655 1213 fabularum,
682 1141 718 1198 ut
742 1152 803 1211 per
828 1134 978 1212 dialogos
1003 1152 1086 1213 quos
1109 1134 1233 1197 habent
1257 1141 1389 1197 actores
1405 1131 1496 1196 inter
1553 1137 1554 1158 ¹

319 1257 366 1313 se,
402 1247 461 1303 aut
494 1247 627 1304 actores
664 1259 735 1305 cum
772 1241 969 1320 coryphaao,
1008 1241 1141 1305 chorum
1173 1237 1367 1322 „oscitari“,
1392 1238 1495 1316 pedes

320 1353 430 1410 autem
455 1365 635 1425 manusque
660 1366 736 1411 num
761 1349 807 1411 ibi
833 1349 987 1429 moverit,
1013 1347 1046 1411 id
1070 1356 1123 1412 est
1147 1346 1335 1427 saltaverit,
1359 1345 1495 1408 minime
1553 1381 1554 1394 κ

319 1453 526 1530 exploratum
551 1471 635 1520 esse.
676 1454 739 1520 Sed
764 1455 896 1519 omnino
921 1455 1159 1533 probabilitate
1184 1471 1299 1526 carere
1324 1461 1403 1531 puto
1421 1469 1495 1516 eam

319 1561 518 1625 sententiam
545 1563 683 1639 primum
701 1570 840 1641 propter
856 1561 993 1626 formam
1011 1563 1116 1627 totins
1133 1561 1268 1640 paradi:
1294 1568 1330 1625 ut
1354 1560 1496 1638 primam

320 1667 390 1730 aius
415 1676 543 1745 partem
579 1688 598 1732 a
637 1671 825 1750 coryphaao
860 1669 1109 1747 pronuntiatam
1145 1677 1282 1747 certum,
1314 1667 1448 1731 tertiam
1474 1685 1497 1730 a

318 1782 391 1838 toto
429 1776 530 1839 choro
566 1784 731 1840 cantatam
768 1777 1046 1841 verisimillimum
1082 1784 1144 1856 est,
1182 1777 1230 1840 ita
1261 1773 1357 1840 valde
1381 1779 1493 1852 aptum

319 1880 453 1946 videtur
477 1890 627 1946 statuere
652 1883 736 1947 hanc
761 1882 900 1947 mediam
926 1890 1053 1961 partem
1079 1884 1120 1947 ab
1148 1883 1217 1946 illis
1235 1901 1330 1960 quam
1352 1881 1494 1944 maxime

320 1987 485 2052 diversam
503 1989 605 2054 aliter
629 1996 728 2068 atque
746 1990 822 2053 illas
839 2007 913 2054 essa
930 1990 1189 2068 pronuntiatam.
1226 1987 1354 2052 Deinde
1372 1995 1494 2068 autem,

319 2095 507 2174 ubicunque
532 2097 748 2161 inveniuntur
772 2097 949 2176 epbymnia
973 2097 1005 2160 in
1031 2096 1232 2160 carminibus
1257 2095 1402 2189 oboricis
1425 2100 1494 2157 tam

321 2202 468 2280 antiquis
492 2204 709 2284 temporibus,
728 2204 846 2281 quibus
866 2211 1015 2280 poemata
1033 2204 1215 2267 etiamtunc
1232 2201 1497 2266 conficiebantur

320 2308 426 2387 magis
451 2318 487 2374 ut
512 2309 789 2391 declamarentur,
807 2319 1018 2391 canerentur,
1036 2310 1215 2375 ederentur
1231 2328 1326 2389 quam
1345 2315 1382 2372 ut
1402 2307 1495 2386 lege-

320 2422 447 2496 rentur,
472 2424 572 2494 atqua
597 2418 717 2495 quibus
741 2417 924 2485 servandae
950 2436 1020 2481 cum
1046 2418 1182 2495 antiquo
1214 2434 1305 2481 more
1336 2415 1496 2493 antiquae

320 2522 456 2587 cauendi
481 2524 622 2588 rationis
645 2523 787 2590 facultas
812 2532 895 2605 erat,
920 2525 1004 2589 hanc
1029 2525 1257 2601 retinebimus
1282 2522 1389 2603 quoad
1415 2523 1493 2600 quis

321 2647 391 2692 eam
416 2631 513 2708 plane
538 2650 557 2694 a
582 2630 655 2695 loco
688 2633 870 2698 abhorrere
902 2633 998 2696 nobis
1023 2631 1321 2708 demonstraverim
1346 2630 1379 2693 id
1404 2629 1494 2708 (quod

320 2737 378 2800 vix
394 2736 448 2800 hic
464 2737 643 2802 timendum
662 2746 722 2803 est.
758 2739 919 2817 Equidem
934 2739 1152 2818 Weckleinio,
1171 2737 1295 2819 Mallio,
1313 2735 1495 2802 Aruoldtio

320 2844 478 2907 assentiri
510 2845 565 2908 hic
598 2864 662 2909 uon
695 2845 822 2910 dubito.
869 2846 938 2910 Eos
963 2847 1050 2910 enim
1075 2845 1130 2925 qui
1156 2844 1330 2910 succinant
1354 2843 1494 2907 eundem

322 2967 452 3027 semper
477 2952 612 3015 chorum
638 2953 827 3017 universnm
854 2971 927 3017 esse
1017 2972 1081 3016 non
1106 2952 1264 3029 deinceps
1294 2960 1366 3016 tres
1399 2952 1496 3014 chori

321 3056 465 3138 ordinas,
502 3070 538 3122 ut
576 3059 741 3122 Hermann
777 3061 850 3125 vult
881 3097 921 3102 -
948 3078 988 3124 ex
1012 3060 1169 3137 analogia
1194 3057 1355 3123 concludo
1380 3065 1497 3121 canta—

320 3170 427 3228 tarum
462 3167 502 3228 ab
539 3185 603 3228 uuo
640 3167 818 3245 eodemque
854 3163 921 3248 (vel
956 3167 1031 3231 unis
1074 3162 1280 3248 eisdemque)
1321 3165 1495 3244 strophae,

321 3271 558 3352 antistropham,
595 3272 703 3350 epodi.
751 3274 930 3338 Praestare
967 3283 1077 3339 autem
1114 3281 1150 3337 ut
1186 3273 1316 3336 credam
1341 3280 1495 3336 statuero

322 3379 510 3442 cantavisse
549 3380 608 3443 luas
649 3381 872 3460 coryphaeum
911 3383 1017 3445 solum
1057 3400 1151 3459 quam
1200 3381 1356 3444 maiorem
1398 3379 1494 3444 cluori

321 3491 449 3560 partem
484 3485 630 3550 adducor
665 3506 703 3550 eo
740 3487 825 3566 quod
853 3490 1031 3568 nescimus
1056 3507 1096 3551 ex
1121 3489 1315 3566 quibusnam
1341 3489 1433 3564 (quot
1460 3495 1498 3550 et

321 3592 484 3669 qualibus)
522 3595 693 3658 choreutis
729 3613 768 3658 aa
802 3613 881 3673 pars
918 3603 1071 3660 constare
1107 3596 1266 3673 potuerit,
1304 3594 1369 3657 nisi
1402 3593 1495 3658 forto

322 3699 501 3763 Hermauni
536 3699 634 3764 nimis
669 3701 881 3765 artificiosam
918 3701 1188 3766 distributionem
1222 3702 1408 3782 probamus,
1434 3703 1496 3778 qud

320 3805 421 3868 trium
448 3807 539 3870 chori
564 3807 714 3871 ordinum
741 3826 813 3888 eos,
846 3810 900 3886 qui
926 3808 1065 3872 medium
1091 3809 1198 3872 locum
1223 3814 1369 3886 teneant,
1394 3807 1497 3871 simul

322 3930 377 3974 eas
418 3931 537 3976 canere
576 3914 757 3996 existimat.
805 3916 928 3979 Contra
965 3923 998 3978 et
1036 3916 1176 3979 metrica
1214 3915 1320 3977 forma
1360 3914 1495 3988 (versus

321 4019 492 4096 longiores
528 4020 666 4084 maxima
702 4019 877 4104 dactylici)
915 4030 949 4085 et
983 4022 1065 4086 facti
1099 4022 1248 4085 narratio
1286 4021 1495 4098 aliquantum

322 4126 445 4190 rationi
478 4127 564 4204 epici
596 4129 752 4192 carminis
782 4130 909 4193 similes
940 4138 1032 4210 sunt,
1065 4138 1103 4193 ut
1128 4129 1337 4193 Homericum
1362 4127 1495 4192 modum

322 4234 558 4308 pronuntiandi
594 4235 689 4312 opica
724 4237 880 4316 carmina,
917 4255 1000 4314 quae
1034 4237 1105 4300 illis
1137 4236 1380 4314 antiquissimis
1410 4241 1496 4298 tem·
1549 4291 1550 4302 ,

321 4341 457 4417 poribus
493 4343 533 4404 ab
571 4361 634 4405 uno
671 4350 807 4406 cantore
844 4344 971 4407 cantari
1003 4344 1167 4425 solebant,
1200 4343 1254 4407 hic
1278 4341 1496 4407 introducere
1549 4409 1550 4424 ,
