3130 5206
740 451 777 458 ἡ
829 412 869 476 to
933 451 956 458 .-

262 627 411 688 pressum
448 611 504 676 sit.
552 610 615 676 Sed
651 612 791 689 primum
828 613 861 676 in
898 612 1152 690 antistrophay
1186 611 1300 676 iutnra
1331 611 1442 676 forma

262 723 364 795 φανεῖ
385 727 437 811 est
461 718 570 800 (quam
596 719 821 784 Wilamowitz
838 719 872 782 iu
889 720 1050 784 aoristum
1077 722 1205 799 mutat),
1231 737 1314 798 quae
1338 738 1441 797 quan-

263 843 356 902 quam
394 825 568 903 permultis
602 825 696 891 vitiis
731 826 825 890 locus
861 826 1003 906 laborat,
1031 835 1171 908 tempus,
1196 827 1283 905 quod
1308 834 1442 904 spectat

263 931 384 996 chorus
420 934 523 997 tertia
558 934 697 1012 stropha
710 928 768 1015 (a),
804 933 996 1012 significare
1032 935 1152 1012 potuit.
1201 933 1328 998 Deinde
1364 952 1440 997 cum

262 1038 367 1103 adhuc
403 1046 476 1104 toto
513 1040 659 1104 carmine
695 1039 747 1104 dei
786 1041 855 1104 siut
891 1041 1054 1121 invocati,
1080 1048 1118 1106 ut
1141 1042 1292 1106 Orestem
1318 1040 1350 1104 iu
1376 1041 1438 1120 eis,

262 1165 346 1224 quae
386 1148 420 1210 in
459 1146 566 1210 animo
605 1146 754 1228 haberet,
795 1147 1003 1229 adiuvarent,
1041 1166 1133 1212 nemo
1164 1167 1230 1212 non
1262 1154 1382 1228 potest,
1408 1148 1438 1210 si

262 1255 418 1332 pergitur
456 1262 512 1334 „et
550 1263 630 1318 tunc
669 1255 816 1318 carmina
855 1254 1084 1319 cantabimus“
1128 1255 1167 1319 de
1207 1274 1247 1318 eo
1286 1262 1438 1332 tempore

262 1361 414 1440 cogitare
450 1379 514 1440 quo
551 1362 690 1426 Orestes
742 1362 949 1440 propositum
997 1362 1238 1456 auxiliantibus
1274 1361 1346 1426 dois
1382 1379 1439 1424 ex-

217 1513 222 1520 ·
262 1476 396 1533 secutus
421 1469 496 1533 erit.
544 1468 581 1532 In
618 1469 729 1533 verbis
765 1469 873 1547 igitur
903 1463 980 1530 τότε
1004 1463 1073 1552 ἤδη,
1104 1487 1170 1533 non
1195 1468 1346 1533 haerebit
1371 1468 1440 1532 nisi

262 1576 318 1654 qui
343 1593 414 1640 cum
437 1576 691 1640 Wilamowitzio
710 1577 882 1641 existimat
898 1576 1037 1640 ancillas
1055 1577 1117 1640 hac
1133 1577 1270 1655 stropha
1285 1592 1440 1656 narrare,

186 1677 189 1684 ⁴
262 1681 423 1762 quomodo
460 1683 552 1761 ipsae
589 1683 741 1747 Orestem
777 1682 911 1749 caedem
944 1690 1131 1761 patrantem
1157 1684 1333 1749 iuvaturao
1357 1683 1437 1763 sint,

261 1797 296 1853 et
320 1789 530 1855 clamitantes
554 1789 607 1871 (ut
630 1790 758 1867 pellant
782 1790 1067 1866 terriculamenta)
1093 1799 1128 1856 et
1152 1791 1360 1855 incantantes
1385 1787 1440 1870 (ut

262 1899 391 1975 magica
426 1897 457 1961 vi
500 1897 620 1960 melius
658 1915 713 1961 res
749 1895 932 1980 procedat).
989 1897 1080 1978 Quae
1125 1897 1363 1975 interpretatio
1403 1898 1436 1960 si

259 2013 354 2068 recta
389 2011 488 2086 esset,
523 2021 602 2068 sane
639 2003 897 2084 desideraretur,
923 2023 987 2083 quo
1011 2003 1221 2069 referendum
1247 2011 1336 2068 esset
1358 1998 1437 2064 νόνε

261 2105 329 2194 ἤδη,
366 2119 404 2175 ut
437 2111 543 2189 ipsum
579 2119 778 2176 momentum
809 2111 921 2176 caedis
946 2111 1130 2190 significari
1161 2119 1434 2190 cognosceretur.

261 2217 324 2281 Sed
349 2219 426 2282 mihi
452 2219 616 2284 arcessita
639 2218 776 2283 videtur
798 2235 904 2296 neque
928 2218 1138 2298 verisimilia,
1164 2237 1235 2282 cum
1267 2236 1332 2282 nou
1366 2216 1436 2280 eifi-

261 2326 371 2390 ciatur
395 2325 603 2403 posteatale
628 2325 721 2390 chori
747 2326 918 2406 auxilium,
943 2325 1057 2403 potius
1080 2331 1281 2391 ν.871-73
1312 2325 1435 2388 chorus

260 2450 296 2494 so
321 2433 426 2509 ipsius
461 2429 541 2495 facti
578 2432 774 2510 participem
810 2431 882 2496 ficri
911 2432 1000 2496 nollo
1026 2432 1189 2510 declaret;
1214 2440 1249 2496 et
1272 2449 1321 2511 eo,
1347 2431 1434 2510 quod

261 2539 294 2602 in
319 2546 414 2616 parte
444 2539 461 2612 ζ
491 2538 531 2602 ad
561 2537 828 2603 adhortationem
857 2541 988 2604 Orestis
1017 2538 1162 2604 additum
1193 2547 1245 2604 est
1268 2530 1347 2600 ὅταν
1370 2529 1435 2624 ἥκῃ

259 2648 357 2726 μέρος
375 2640 491 2727 ἔργων,
527 2663 697 2710 monemur
731 2663 772 2710 nc
805 2653 990 2711 statuamus
1021 2646 1055 2710 in
1085 2654 1227 2724 utraque
1252 2646 1291 2709 de
1317 2631 1449 2710 eodem¹

259 2753 422 2830 temporis
447 2761 610 2817 momento
635 2771 707 2816 esse
732 2771 926 2820 sermonem.
966 2754 1149 2818 Praeterea
1165 2754 1332 2832 displicet,
1346 2752 1434 2830 quod

260 2877 323 2936 qua
358 2860 490 2924 ratione
526 2865 717 2937 corruptum
750 2860 797 2922 sit
823 2853 929 2941 θρόον
957 2854 1121 2938 δειμάτων
1145 2861 1179 2924 iu
1204 2857 1347 2920 πλοῦν-ων
1371 2858 1433 2920 δω-

260 2957 374 3042 μάτων
397 2984 462 3028 non
487 2965 652 3048 cernitur;
677 2972 746 3028 tum
771 2964 857 3044 quod
882 2967 1023 3030 feminae
1040 2985 1104 3031 nou
1122 2967 1246 3047 dicunt,
1273 2984 1433 3044 quaenam

260 3071 399 3148 δείματα
430 3090 471 3136 ne
508 3079 661 3136 terreant
695 3073 847 3154 Orestam
883 3073 1038 3152 timeant;
1078 3073 1220 3152 denique
1245 3072 1332 3151 quod
1357 3073 1432 3138 voci

260 3177 333 3260 ’γόης
357 3179 435 3243 aliis
452 3179 537 3242 locis
551 3197 683 3257 semper
698 3179 775 3243 vitii
799 3179 921 3257 aliquid
939 3181 1038 3261 inest,
1064 3187 1100 3244 ut
1117 3179 1161 3244 sit
1177 3181 1433 3262 praestigiator,

259 3304 324 3350 non
349 3286 404 3364 qui
429 3287 551 3351 seriam
576 3295 680 3351 artem
706 3285 864 3365 magicam
889 3287 1096 3364 profiteatur.

367 3410 538 3475 Sententia
573 3411 680 3490 igitur
715 3413 892 3492 ephymuia
928 3413 960 3476 in
997 3414 1059 3476 hoc
1096 3411 1239 3476 carmine
1268 3428 1433 3490 reponere

259 3526 427 3596 vetamur;
451 3537 523 3582 nam
549 3536 589 3582 ne
614 3519 669 3582 hio
694 3518 824 3597 quidem
842 3519 1077 3596 Aristophanis
1101 3518 1161 3583 illo
1190 3509 1221 3601 u,
1246 3511 1353 3578 κόπων
1377 3515 1433 3580 de·

259 3622 347 3687 iendi
372 3643 468 3703 posse
493 3633 584 3703 puto.
622 3624 685 3690 Sed
710 3625 875 3703 integram
901 3643 974 3690 esse
998 3627 1032 3689 in
1057 3626 1249 3689 uuiversum
1272 3624 1430 3689 traditam

258 3730 395 3795 sormam
421 3750 462 3795 ex
486 3750 524 3795 eo
550 3749 678 3811 quoque
703 3731 872 3813 discimus,
897 3733 983 3811 quod
1006 3741 1187 3797 metrorum
1212 3731 1432 3796 similitudine

261 3838 403 3916 partium
432 3841 454 3918 β
481 3845 515 3902 et
543 3836 560 3910 ζ
599 3839 736 3917 propria
771 3840 947 3918 responsio
981 3840 1163 3918 indicatur,
1202 3838 1288 3918 quod
1325 3839 1433 3916 ipsum

259 3954 439 4024 propterea
463 3954 589 4010 certum
615 3945 708 4026 duco,
734 3947 812 4024 quia
837 3954 975 4011 metrum
1001 3947 1127 4010 mediae
1151 3947 1259 4024 partis
1283 3945 1312 4005 δ’
1335 3947 1432 4024 plane

260 4062 312 4117 est
336 4053 503 4118 diversum
528 4089 570 4098 -
601 4072 674 4116 nam
708 4053 736 4116 si
765 4054 874 4117 tribus
898 4053 1049 4131 partibus
1074 4054 1225 4117 omnihus
1250 4053 1335 4117 idem
1360 4051 1432 4116 iere

258 4160 431 4240 rhythmus
457 4161 591 4241 inesset,
609 4162 715 4224 minus
733 4178 773 4223 ex
791 4177 830 4224 ea
846 4178 883 4224 re
901 4161 1053 4224 concludi
1071 4161 1192 4224 liceret
1207 4195 1257 4221 —.
1281 4161 1432 4237 Utraque

260 4268 344 4330 euim
370 4268 501 4332 initium
541 4269 631 4346 capit
667 4286 686 4330 a
719 4269 863 4346 ‹puiuqne
899 4267 1062 4332 ionicisa
1094 4269 1220 4331 minora
1253 4267 1431 4344 (neclectis

259 4374 549 4440 interiectionibus
573 4366 590 4434 ἒ
614 4369 633 4435 ἕ
653 4381 729 4438 auto
753 4383 883 4452 partem
906 4376 936 4455 β,
965 4393 1049 4453 quae
1078 4374 1177 4438 facile
1202 4382 1279 4439 aute
1305 4381 1430 4452 purtem
