3130 5206
565 421 782 491 *35-

87 622 179 705 (odor
204 609 286 703 αἷμα
314 641 388 688 esse
417 623 598 689 iuvenilem
627 624 837 703 sanguinem
867 629 902 686 at
927 628 1044 685 contra
1068 630 1120 686 est
1142 638 1261 685 recens

86 731 184 796 fusus
208 732 356 811 sanguis,
381 749 488 808 neque
518 749 653 808 usquam
683 730 807 795 dictum
837 737 890 794 est
913 727 1164 793 interfectorem
1188 746 1262 792 esse

88 839 242 920 νεανίαν,
280 835 542 918 adulescentem)
584 855 689 916 neque
733 856 797 916 qua
831 837 865 902 O.
907 836 1095 917 Weyrauch
1133 836 1261 915 (progr.

88 945 345 1025 Vratisl.1878,
370 945 572 1010 Realschule
597 963 669 1008 zum
696 943 842 1022 heiligen
868 943 978 1022 Geist)
1003 941 1162 1006 defendit·
1175 943 1263 1018 (νέον

89 1038 174 1130 αἷμα
198 1070 282 1131 esse,
319 1058 356 1115 ut
390 1045 553 1132 δύσφορον
589 1045 673 1112 ἄταν
697 1070 728 1117 1.
755 1056 828 1130 378,
854 1051 994 1114 liberam
1019 1050 1261 1128 appositionem

88 1159 131 1223 ad
167 1167 272 1224 totam
309 1157 562 1236 praecedentem
600 1158 877 1236 enuntiationem
918 1165 953 1222 at
988 1158 1052 1222 etsi
1090 1158 1152 1220 hoc
1189 1157 1262 1219 loco

90 1268 199 1346 ipsum
224 1268 426 1345 καταφέρειν
450 1260 539 1326 πόδα
563 1264 596 1329 id
621 1273 674 1330 est
698 1265 783 1344 quod
808 1259 966 1346 δύσφορος
985 1259 1047 1325 ἄνα
1063 1265 1262 1343 nominatur,

88 1382 201 1439 temen
224 1372 374 1454 μανρνῦν
398 1372 539 1437 nondum
564 1380 616 1437 est
639 1375 715 1432 νέον
740 1356 833 1450 αἷμα,
858 1371 914 1436 sed
939 1374 1014 1434 νέον
1040 1357 1121 1449 αἷμα
1151 1388 1263 1434 conse·

90 1480 205 1560 quitur
230 1479 357 1544 demum
381 1478 528 1544 fortasse
553 1497 593 1542 en
618 1477 682 1560 eo).
729 1479 894 1558 Equidem
918 1487 999 1556 puto
1023 1479 1121 1543 huius
1146 1496 1263 1543 versus

90 1588 188 1652 aliam
227 1588 398 1651 metricam
435 1605 585 1650 normam
621 1605 693 1650 csse
734 1586 953 1651 statuendam.
1012 1587 1091 1651 Nam
1131 1593 1263 1649 ceterae

90 1696 198 1759 totius
223 1694 381 1757 carminis
405 1701 520 1771 partes
546 1712 658 1758 omnes
687 1693 801 1757 cadem
834 1712 950 1760 versus
974 1692 1082 1757 forma
1105 1692 1266 1757 finiuntur

91 1803 154 1866 hac
181 1838 220 1846 —
234 1841 278 1866 ψ
291 1837 332 1846 -
349 1842 388 1866 2-
403 1838 444 1847 -
462 1840 502 1866 ψ
518 1838 570 1881 -,
596 1802 734 1878 stropha
764 1820 794 1880 α,
825 1800 1037 1877 antistropha
1066 1819 1101 1874 α,
1130 1801 1264 1881 ephym·

90 1910 193 1989 nium,
229 1910 421 1990 1110111111,
463 1909 674 1985 antistropha
697 1908 726 1987 β,
768 1909 907 1985 stropha
931 1905 959 1987 d,
1000 1908 1213 1985 antistropha
1236 1906 1263 1988 d,

91 2017 232 2094 stropha
257 2017 284 2096 ζ,
319 2017 530 2095 antistropha
555 2016 587 2092 ξς
623 2015 709 2094 quod
744 2033 809 2078 non
845 2013 987 2079 fortuito
1028 2014 1151 2079 factum
1192 2032 1265 2077 esse

91 2122 227 2188 videtur
251 2141 413 2202 apparere
438 2142 478 2186 en
503 2141 552 2203 eo,
578 2112 667 2201 qood
689 2122 747 2185 ille
764 2140 881 2186 versus
899 2122 990 2185 solus
1008 2129 1059 2186 est
1075 2121 1266 2186 trochaicus

91 2230 306 2311 insecundo,
335 2232 449 2302 tertio,
483 2236 600 2308 quarto
631 2230 841 2306 stropharum
871 2230 1019 2306 poribus.
1067 2227 1171 2308 Quam
1196 2247 1265 2292 rem

92 2338 159 2401 iam
185 2337 270 2402 Weil
296 2334 378 2418 (1.1.)
403 2346 437 2401 et
465 2337 552 2401 llodt
581 2336 715 2412 (Philol.
740 2332 854 2419 44,35)
888 2337 1162 2400 observaverunt.
1216 2337 1266 2398 Ab

93 2462 134 2506 ea
158 2443 265 2508 forma
289 2445 406 2508 mirum
432 2452 523 2508 esset
546 2444 575 2508 si
601 2443 715 2507 harum
741 2444 883 2520 partium
908 2442 984 2507 finis
1009 2442 1169 2507 differret.
1223 2443 1267 2506 lot

94 2550 248 2628 profecto
274 2553 477 2616 conveniunt
502 2569 573 2614 cum
600 2568 638 2614 ea
663 2550 696 2614 in
721 2550 854 2614 mesodo
880 2568 938 2614 sen
963 2550 1100 2614 ultimae
1117 2550 1267 2629 syllabae

92 2647 151 2735 ὕφ’
175 2654 314 2735 αἵματος
338 2661 425 2737 νέον,
451 2658 483 2720 iu
510 2657 714 2722 antimesodo
740 2657 873 2722 initium
898 2658 1006 2722 ultimi
1033 2675 1152 2722 versus
1181 2656 1267 2718 uuila

93 2758 297 2848 δύσῳο[ρον].
349 2765 516 2828 Incertum
557 2772 619 2843 est,
660 2765 821 2843 quomodo
860 2765 905 2828 sit
943 2763 1169 2843 scribenduni;
1209 2765 1266 2828 sed

93 2872 237 2948 exempli
262 2890 363 2936 causa
387 2871 489 2935 aliero
513 2871 623 2936 Γ11111111
651 2871 898 2937 emendationes
924 2877 1096 2936 ets—60:

469 2972 629 3059 κρατερὸν
654 2971 731 3039 ὄνθ’
754 2968 837 3057 ὅμως
860 2997 929 3057 pao
1091 2967 1093 2971 ¹

470 3085 551 3166 ροῦν
574 3075 632 3164 ὑφ’
656 3082 793 3164 αἵματος
817 3084 938 3167 recol),

94 3215 130 3273 et
155 3206 294 3290 sursus:

471 3311 616 3399 σφαλεροὶ
640 3313 897 3399 ταναδρόμοισιν

212 3447 220 3475 e
470 3421 565 3495 κῶλα,
591 3418 756 3506 δυσφόρως
779 3419 872 3502 ἄγαν,

94 3546 159 3610 Sed
185 3565 256 3610 cum
292 3546 344 3610 hic
372 3566 436 3611 uon
466 3549 598 3625 placeat
628 3551 796 3627 postulata
826 3551 961 3615 duarum
993 3551 1143 3616 brevium
1168 3552 1270 3631 sylla-

93 3655 211 3717 barum
240 3673 340 3715 νοινν-
365 3660 399 3717 et
434 3655 531 3718 unius
567 3655 688 3735 longae
723 3651 800 3717 ὄνθ’
835 3658 1018 3739 responsio,
1054 3669 1163 3737 qnam'
1184 3658 1271 3723 'llodt

95 3759 253 3841 defendit,
301 3760 508 3839 aliquantum
555 3781 574 3826 a
620 3764 676 3828 viu
734 3783 829 3842 quam
880 3765 938 3828 ille
990 3773 1042 3829 est
1096 3767 1270 3845 ingressus

95 3866 310 3934 declinemus.
382 3869 490 3946 Atque
549 3888 666 3933 nomen
723 3864 939 3952 τανυδρόμοις
985 3871 1131 3954 quidem,
1183 3873 1269 3952 qnod

95 3974 180 4036 bene
205 3992 278 4036 cum
307 3973 453 4038 dictione
483 3976 672 4056 Aeschyleo
701 3979 873 4058 convenit,
904 3979 1020 4058 utique
1059 3980 1269 4045 retinendum

94 4086 164 4157 est;
198 4079 256 4143 sed
293 4087 330 4144 ut
363 4090 543 4162 evanescat
577 4083 612 4146 in
648 4101 686 4146 eo
717 4082 853 4149 duarum
886 4086 1035 4150 brevium
1066 4087 1270 4167 syllabarum

204 4288 573 4365 1111111οῑιίνοιημοοροῡν
602 4295 643 4348 ita
671 4296 798 4364 pendere
817 4313 834 4349 a
853 4295 942 4352 verbo
963 4290 1078 4369 εἱλόμαν
1097 4298 1170 4366 vult,
1189 4301 1272 4353 utsii

93 4379 215 4432 liberior
227 4382 372 4448 appositio
387 4383 423 4435 ad
436 4399 537 4437 vocem
552 4367 711 4455 ἆνατρονὰς
724 4377 874 4457 dormitum
892 4404 959 4441 uam
973 4372 1126 4458 ἆναιροπαί
1139 4381 1272 4460 δωμάτων

94 4468 143 4520 hic
164 4467 236 4522 1111111
255 4487 299 4536 eo,
320 4471 396 4538 quod
417 4471 633 4526 interfectorem
653 4458 829 4546 ἐπιδούμενοι
850 4475 951 4528 Furiae
969 4473 1131 4550 μανροῦσιν.
