3130 5206
792 457 826 463 -
887 425 924 484 rc
981 457 1018 463 --

315 615 578 694 intellegendum
604 616 796 682 difficiliora
820 617 892 681 sine
917 615 1016 680 dubio
1042 616 1104 679 hoc
1129 615 1263 680 volunt:
1294 633 1366 680 cnm
1392 605 1431 698 ἠέ
1461 623 1497 679 et

316 713 352 783 οἱ
373 725 428 788 bic
452 725 621 788 simillime
647 723 823 788 videantur
848 725 968 804 posita,
994 722 1129 788 eandem
1154 724 1220 788 vim
1245 723 1295 786 eis
1320 741 1394 786 esse
1418 724 1494 788 vin-

317 831 499 895 dicandam.
548 829 642 911 Quod
673 849 737 894 uon
771 830 855 910 fieri,
889 831 918 894 si
945 823 983 912 ἦέ
1004 829 1214 910 ephymuium
1239 847 1313 894 esse
1337 836 1496 907 putetur,

316 957 390 1000 nam
415 939 465 1002 sic
490 931 529 1021 ἠέ
550 937 681 1016 quidem
706 956 818 1004 verum
844 938 885 1001 ad
910 937 1060 1014 proxime
1096 936 1330 1001 antecedentia
1360 937 1496 1016 ephym-

315 1044 404 1108 nium
440 1063 524 1126 esse,
562 1034 597 1104 oi
628 1052 739 1109 autem
775 1063 937 1108 essenon
962 1061 1092 1124 perse,
1118 1042 1158 1107 ad
1184 1045 1334 1122 proxime
1360 1050 1496 1108 antece-

316 1151 430 1216 dentia
465 1153 687 1231 ephymuium,
724 1152 782 1216 sed
819 1152 986 1230 opnymnii
1023 1157 1163 1231 partem,
1200 1169 1272 1214 cnm
1310 1169 1373 1213 nou
1404 1149 1497 1214 adsit

317 1258 495 1324 multitudo
536 1277 620 1337 quac
645 1259 686 1323 ad
719 1265 848 1322 cantum
875 1259 1084 1339 epbymnium
1121 1251 1221 1336 βάσκε
1257 1251 1366 1339 πάτερ
1391 1251 1495 1318 ἄκακε

317 1359 466 1445 Δαρειιὶν
491 1366 677 1430 canentium
703 1366 792 1430 ultro
817 1366 1085 1429 interiectionem
1112 1354 1146 1424 οἶ
1172 1366 1346 1428 succinere
1371 1365 1491 1428 cxisti·

315 1473 398 1536 mari
424 1473 539 1550 possit.
588 1473 653 1538 Sed
675 1473 753 1537 huic
777 1481 972 1551 argumento
997 1471 1094 1536 nimis
1112 1473 1283 1550 sagaciter
1299 1473 1495 1551 excogitato

317 1581 417 1644 ullam
454 1581 687 1645 necessitatem
724 1581 835 1644 inesse
871 1597 966 1658 nego.
1014 1579 1116 1644 Immo
1154 1585 1252 1656 poeta
1288 1587 1495 1643 crescentem

316 1689 423 1767 magis
460 1688 633 1767 magisque
670 1689 826 1766 impetum
864 1695 982 1752 cantus
1018 1687 1079 1750 hac
1112 1685 1220 1750 forma
1255 1686 1432 1765 expressit,
1458 1696 1497 1752 ut

316 1796 423 1872 prrimo
449 1795 523 1859 loco
561 1796 717 1861 versibus
742 1794 1002 1859 intercalaribus
1027 1794 1222 1874 abstineret,
1248 1792 1392 1857 secundo
1418 1795 1496 1860 sim-

317 1902 494 1980 plicissimi
530 1902 664 1982 generis
700 1903 922 1982 epbymuium,
958 1919 1080 1965 meram
1110 1900 1383 1964 exclamationem
1421 1892 1497 1983 (ἠέ),

318 2017 465 2089 poneret,
501 2009 604 2073 tertio
640 2009 803 2088 integram
839 2008 1101 2072 enuntiationem
1127 2015 1302 2074 exeuntem
1327 2007 1361 2071 in
1389 2008 1495 2071 inter·

319 2118 497 2180 lectionem
533 2106 574 2180 οἶ,
611 2153 649 2159 ——
675 2118 762 2182 Usus
787 2123 896 2180 antem
923 2115 1172 2195 ephymniornm
1198 2115 1232 2178 iu
1262 2115 1324 2178 hoc
1349 2116 1496 2179 carmine

318 2224 453 2288 chorico
485 2223 564 2287 mihi
597 2224 730 2290 videtur
761 2223 874 2287 eodem
905 2229 1059 2300 spectare
1091 2240 1154 2300 quo
1185 2229 1340 2299 spectant
1363 2222 1497 2299 priscae

318 2332 434 2409 epicae
470 2330 597 2394 formae
632 2324 734 2410 βάσκε
764 2337 798 2395 et
823 2324 893 2390 ἔσκε
917 2337 953 2393 et
976 2321 1152 2397 'Attouda
1178 2325 1360 2393 vetustatis
1386 2329 1497 2393 cuius-

318 2439 389 2503 dam
417 2439 529 2502 colore
564 2440 782 2504 severitatem
814 2456 939 2516 augere
972 2444 1071 2515 poeta
1096 2435 1235 2515 studuit,
1261 2435 1314 2500 cui
1338 2444 1436 2513 aptus
1462 2438 1497 2500 iu

318 2546 480 2610 eiusmodi
518 2547 664 2610 carmine
699 2546 829 2625 magico
869 2546 962 2608 locus
998 2542 1093 2621 estll.
1143 2545 1252 2622 Atque
1285 2562 1357 2607 oum
1383 2552 1497 2608 certae

319 2654 481 2718 l'ormulae
511 2654 551 2718 ad
582 2672 707 2717 omnem
738 2662 844 2718 artem
875 2652 1035 2730 magicam
1068 2669 1172 2729 paene
1201 2652 1393 2715 necessaria
1418 2651 1497 2730 sint,

320 2779 402 2840 quae
442 2762 535 2839 ipsae
575 2761 619 2826 si.
644 2761 746 2825 certis
787 2760 979 2826 intervallis
1019 2759 1164 2822 sermoni
1210 2758 1261 2822 vel
1307 2759 1495 2822 cantationi

320 2859 480 2946 magicam
514 2876 619 2931 artem
653 2867 843 2945 profitentis
874 2865 1083 2946 inseruntur,
1118 2867 1182 2930 iam
1215 2866 1271 2931 vix
1297 2866 1338 2928 ab
1363 2866 1497 2944 ephynr-

321 2976 387 3039 niis
413 2975 579 3056 differunt,
605 2976 659 3039 hic
684 2974 893 3053 epbymninm
911 2972 1075 3036 formulae
1092 2973 1241 3051 magicae
1259 2973 1333 3036 loco
1351 2973 1498 3050 positum

323 3101 396 3146 esse
414 3081 525 3146 dicere
543 3083 639 3160 licet;
657 3080 741 3160 quod
760 3082 860 3145 etiam
877 3080 1074 3145 scholiastes
1092 3081 1165 3143 vult
1183 3079 1244 3144 hac
1266 3081 1496 3144 annotatione:

321 3181 360 3257 ὦς
384 3183 496 3274 ἐπῳδῇ
531 3192 682 3270 κέχρηται
717 3190 757 3273 τῇ
793 3181 910 3269 ,βάσκε
946 3181 1089 3267 πάτερ“;
1125 3180 1238 3269 ἐπῳδή
1261 3194 1313 3250 est
1337 3187 1421 3250 enim
1447 3187 1496 3250 in-

321 3297 479 3373 cantatio,
505 3295 647 3360 formula
671 3296 811 3372 magica.
859 3294 982 3358 Eadem
1008 3295 1137 3372 magica
1163 3295 1330 3372 cpbymuii
1356 3293 1408 3358 vis
1433 3294 1493 3357 alii

321 3405 394 3466 loco
431 3402 591 3483 Aeschyli
629 3403 753 3484 subest,
791 3401 1007 3466 Eumenidum
1044 3402 1096 3464 illi
1122 3401 1253 3464 cantico
1284 3419 1348 3478 quo
1374 3401 1496 3465 Furiae

322 3510 454 3575 Orestis
490 3512 649 3604 animum.
670 3511 882 3587 obstringere
919 3517 1081 3572 conantur
1117 3503 1171 3590 (de
1208 3527 1271 3586 qno
1304 3509 1497 3573 accuratius

429 3686 456 3756 1)
477 3686 570 3742 Simili
599 3689 634 3741 de
664 3705 749 3741 causa
778 3692 892 3756 poetam
912 3687 958 3739 hic
978 3686 1013 3740 de
1033 3685 1175 3739 industria
1204 3685 1382 3752 aliquantum
1403 3703 1496 3737 cumu-

322 3780 398 3832 lasse
417 3783 487 3846 puto
508 3777 650 3832 vocabula
679 3776 811 3830 barbara:
839 3766 940 3844 βαλλήν
959 3776 1020 3840 660,
1050 3768 1166 3846 εὔμαριν
1185 3774 1246 3840 664,
1275 3765 1369 3846 τιάρας
1388 3775 1447 3839 665,
1468 3779 1497 3828 ct

322 3869 383 3934 654,
403 3869 463 3934 667,
495 3867 546 3920 676
578 3867 607 3919 in
636 3866 810 3920 nominando
840 3865 927 3918 Dario
961 3882 1019 3918 non
1047 3863 1193 3932 vulgarem
1224 3863 1359 3917 Graecam
1380 3862 1496 3918 formam

323 3958 443 4027 Δαρεῖον
471 3957 612 4025 posuisse,
642 3956 692 4008 sed
723 3955 817 4021 aliam,
846 3954 922 4022 apud
952 3953 1078 4007 Graecos
1107 3952 1282 4020 inusitatam,
1312 3969 1383 4021 quae
1403 3957 1496 4006 tamen

323 4046 465 4116 quomodo
486 4045 524 4098 sit
544 4045 667 4113 legenda
687 4044 804 4098 dubium
824 4047 884 4111 est3
904 4060 969 4096 nam
988 4041 1079 4095 forma
1098 4042 1204 4096 tradita
1224 4033 1346 4107 Δαρειιίν
1367 4059 1430 4095 cum
1450 4043 1496 4096 vix

324 4141 383 4188 tum
402 4135 583 4188 accusativus
613 4131 686 4201 (654)
715 4139 774 4186 tuno
803 4133 954 4188 vocativus
984 4129 1056 4199 (667,
1085 4128 1149 4198 676)
1178 4147 1242 4185 esse
1267 4132 1368 4198 possit,
1388 4131 1447 4185 iurc
1468 4133 1496 4184 in

324 4225 535 4278 dubitationem
563 4229 666 4280 vocata
695 4229 747 4278 cst.
786 4222 843 4278 Sed
873 4224 981 4292 utiquo,
1010 4227 1042 4276 ut
1069 4227 1148 4290 puto,
1178 4221 1204 4274 ci
1233 4221 1403 4290 repudiandi
1423 4229 1498 4276 sunto

324 4315 372 4384 qui
393 4320 421 4367 ct
441 4334 467 4370 v.
487 4315 538 4368 654
568 4308 690 4384 Δαρειάν
719 4319 750 4367 ut
779 4314 922 4382 glossema
950 4313 1050 4366 dcicnt
1077 4316 1105 4366 et
1134 4312 1186 4365 667
1215 4315 1244 4366 ct
1272 4311 1323 4365 676
1352 4312 1496 4380 vulgarem

323 4404 441 4460 formam
461 4403 578 4476 Δαρεῖυς
597 4404 764 4458 restituunt.
1219 4409 1220 4413 ’
