3130 5206
573 423 792 480 „29-

92 610 171 693 luit,
197 631 268 675 enm
295 632 381 678 nova
405 631 483 690 pars
507 631 567 691 per
591 631 662 676 eam
687 613 837 692 incipiat,
863 632 928 692 qua
944 613 1160 693 describitur,
1186 632 1270 693 quae

93 736 136 781 ex
173 719 352 783 Furiarum
388 719 618 784 invasionibus
654 720 722 784 sint
746 727 926 798 secutura3
962 727 996 784 et
1021 720 1107 798 quod
1131 720 1172 784 ad
1197 740 1271 798 par·

92 826 233 888 ticulam
258 828 296 885 τε
317 827 451 907 attinet,
475 825 652 891 tenendum
678 827 779 890 estin
797 827 986 904 antiquiore
1003 828 1119 905 lingua
1136 829 1270 905 saepius

92 941 163 996 tam
199 933 306 997 levem
341 934 605 998 enuntiationum
642 935 1022 1014 coniunctionomponi,
1049 936 1105 998 uhi
1145 953 1185 998 ex
1210 953 1271 998 usu

95 1041 319 1117 posteriorum
356 1049 541 1119 temporum
577 1042 742 1105 acriorem
787 1049 1037 1120 exspectemus;
1089 1042 1194 1106 cuius
1220 1043 1271 1106 rei

95 1147 288 1225 praecipuov
315 1147 527 1228 Thucydides
563 1148 733 1226 exemplar
768 1156 820 1212 est
856 1147 911 1226 (cf.
947 1148 1079 1213 initium
1105 1149 1270 1227 capitis9

93 1253 176 1317 libri
201 1255 226 1334 l,
253 1260 289 1318 et
317 1255 465 1333 Kriigeri
499 1275 572 1320 ann.
606 1254 692 1336 adl,
710 1258 758 1336 4).
806 1255 866 1320 Oui
890 1262 999 1319 autem
1026 1255 1059 1320 id
1083 1275 1148 1319 non
1174 1257 1273 1320 satis-

92 1360 188 1441 facit,
225 1362 256 1425 ei
291 1362 490 1440 particulam
523 1364 562 1423 ιε’
590 1355 629 1425 'in
661 1361 699 1423 δέ
726 1358 870 1444 (Bergk)
895 1363 950 1427 vel
975 1363 1009 1427 in
1034 1367 1070 1439 γε’
1091 1349 1272 1442 (Abresoh)

95 1475 226 1532 mutare
251 1469 343 1550 licet,
368 1469 540 1534 admodum
565 1469 660 1534 i'aoili
684 1470 879 1550 mutatione,
905 1468 1068 1548 siquidem
1093 1489 1159 1534 non
1192 1488 1272 1533 raro

92 1577 142 1656 ιε’,
175 1573 220 1656 δέ,
253 1578 304 1653 γε’·
324 1577 358 1639 in
395 1575 565 1641 codicibus
590 1575 846 1641 confunduntur.
871 1613 913 1620 —
938 1577 986 1640 Ne
1010 1577 1114 1642 tertio
1140 1576 1271 1656 quidem

93 1683 183 1763 loco,
209 1683 237 1748 si
260 1685 429 1762 repetitur
453 1693 528 1762 post
552 1685 797 1763 antistropham
822 1682 842 1745 d
864 1703 942 1763 pars
966 1703 993 1766 ε,
1019 1702 1165 1749 conexus
1199 1703 1272 1748 sen·

93 1791 288 1872 tentiarum,
321 1811 506 1871 quanquam
533 1792 642 1886 ¹multo
674 1800 726 1856 est
750 1792 974 1872 tolerabilior,
1000 1791 1086 1855 omni
1111 1792 1194 1856 vitio
1221 1799 1273 1856 est

92 1916 233 1962 vacuus.
280 1898 402 1963 Verbis
427 1899 498 1963 eius

417 2018 509 2101 μάλα
533 2017 594 2105 γὰρ
619 2002 678 2084 οὖν
703 2017 848 2102 ἁλομένα

418 2122 584 2192 ἀνέκαθεν
607 2133 779 2214 βαροπεσῆ

420 2241 592 2319 καταφέρω
616 2230 718 2306 ποδὸς
741 2228 863 2318 α’κμοίν,

419 2339 565 2427 σφαλερὰ
589 2340 805 2428 τανυδρόμοις

419 2452 515 2533 κῶλα,
540 2447 703 2534 δύσφορον
727 2447 809 2514 ἄταν

97 2577 294 2642 describunt
322 2579 464 2660 Furiae,
490 2578 651 2658 quomodo
675 2579 819 2658 impetus
844 2596 921 2642 suos
946 2576 1129 2658 perficiant.
1178 2575 1273 2657 Quod

97 2703 180 2748 sane
205 2693 242 2750 ut
266 2705 367 2750 causa
391 2694 468 2765 apte
494 2687 710 2765 subiungitur
734 2687 892 2764 strophae
909 2684 936 2766 d,
954 2704 1018 2764 qna
1043 2685 1158 2750 dicunt
1174 2684 1273 2748 etiam

96 2810 235 2870 magnas
271 2793 399 2870 glorias
441 2795 607 2858 hominum
651 2793 809 2872 gravibus
850 2794 996 2871 ipsarum
1028 2791 1274 2866 ,invasionibus

97 2899 269 2978 evanesci;
307 2900 365 2965 sed
401 2907 574 2979 postquam
606 2901 818 2976 antistropha
842 2898 862 2960 d
884 2899 1031 2962 additum
1057 2905 1109 2962 est
1133 2906 1275 2962 mentem

97 3005 181 3085 ciuS,
207 3007 262 3083 qui
288 2987 316 3069 a⁸
330 3007 445 3070 Furiis
481 3013 674 3087 poteretur,
706 3006 787 3070 adeo
820 3008 1030 3070 obscuratam
1062 3022 1148 3086 esse,
1173 3011 1210 3068 ut
1234 3022 1274 3066 ne

96 3112 242 3176 sentiret
267 3112 397 3192 quidem
423 3133 534 3178 casum
560 3132 664 3194 sunm,
690 3121 724 3178 et
748 3115 999 3178 exsecrationes
1016 3112 1131 3191 populi
1157 3112 1273 3175 contr'a

96 3238 173 3283 eum
197 3221 320 3286 multas
346 3221 468 3301 invehi,
506 3221 612 3284 minus
650 3227 727 3298 apte
757 3221 935 3301 repetitur,
962 3218 1123 3298 quomodo
1148 3219 1273 3283 Furiae

95 3328 242 3404 impetus
272 3346 349 3392 suos
378 3328 514 3409 faciant,
544 3329 743 3405 praesertim
777 3327 863 3406 quod
897 3327 1064 3405 particula
1095 3320 1155 3407 γάρ
1183 3325 1274 3389 addi·

94 3442 169 3498 tum
193 3436 248 3499 sit.
295 3435 334 3499 ln
358 3437 496 3514 stropha
521 3434 606 3499 enim
632 3453 732 3500 voces
758 3429 889 3515 ἐφόδοις
918 3442 952 3499 et
975 3429 1151 3517 όρχησμοῐς
1174 3427 1276 3502 ποδός

95 3541 352 3620 insequentibus
377 3543 529 3607 versibus
554 3542 777 3622 explicantur,
802 3542 836 3605 iu
861 3543 1073 3618 antistropha
1093 3541 1274 3619 repetitum

97 3649 310 3728 ophymnium
347 3649 434 3713 nihil
469 3649 555 3728 quod
591 3648 728 3713 eandem
768 3649 1027 3726 explicationem
1065 3656 1132 3712 tam
1172 3647 1272 3712 facile

97 3756 250 3834 patiatur
273 3756 451 3821 antecedit.

207 3862 299 3944 Quae
334 3865 384 3926 ita
418 3881 491 3927 osse
528 3861 722 3928 defensores
760 3862 1011 3943 ephymniorum
1047 3879 1173 3940 negare
1209 3881 1272 3924 non

96 3978 249 4048 possunt.
290 3970 352 4035 Sed
377 3971 439 4034 hoc
463 3971 569 4048 ipsum
588 3969 755 4050 ephymnii
778 3971 946 4048 proprium
966 3987 1040 4034 esse
1059 3967 1273 4048 contendunt,

96 4084 137 4141 ut
162 4095 220 4154 per
246 4078 509 4141 coniunctionem
535 4077 632 4142 valde
657 4077 765 4141 laxam
783 4076 823 4142 ad
841 4059 954 4140 cetera
972 4075 1132 4140 accedere
1155 4076 1273 4156 possit,

95 4184 201 4247 innisi
236 4184 310 4248 loco
347 4185 604 4264 Aristophanen,
641 4185 808 4248 Ranarum
845 4184 1000 4248 versibus
1044 4187 1128 4248 1264
1155 4188 1275 4262 -1277,

94 4293 155 4356 ubi
190 4293 223 4356 iu
259 4293 440 4356 certamine
476 4293 535 4355 illo
572 4293 704 4368 poetico
740 4291 921 4370 Euripides
950 4292 1081 4356 cantica
1111 4291 1271 4369 Aeschyli

96 4401 280 4478 vituperat.
327 4399 404 4464 Illic
439 4400 542 4464 verba
578 4390 609 4478 in]
640 4392 746 4459 κόπον
781 4392 820 4460 οὐ
854 4393 1015 4467 πελάθεις
1049 4387 1105 4459 ἐπ’
1140 4387 1274 4481 α’ριογοίν
