3130 5206
776 425 993 484 -30-

302 598 476 678 quinquies
508 599 652 678 singulis
684 597 855 678 versibus,
884 615 967 676 quos
996 597 1083 661 alios
1107 615 1148 660 ex
1172 596 1250 660 aliis
1274 594 1474 675 Aesclryleis

301 705 424 770 fabulis
459 706 500 771 ad
536 704 706 770 libidinem
743 705 860 786 elegit,
897 703 1078 782 Euripides
1113 703 1217 784 addit,
1253 719 1291 766 eo
1316 700 1411 766 modo
1436 707 1474 764 ut

302 814 407 890 primo
442 813 516 876 loco
552 831 624 878 cum
660 810 880 889 praecedente
915 827 1017 878 versu
1051 829 1164 874 sonam
1200 808 1349 874 officiant
1373 825 1474 871 enun-

301 920 486 1000 tiationem,
504 920 628 984 ceteris
644 937 750 998 neque
767 919 985 998 grammatice
1000 935 1108 997 neque
1124 916 1234 995 logice
1251 915 1321 980 ulla
1343 915 1474 980 ratione

302 1045 386 1090 cum·
410 1024 684 1092 antecedentibus
720 1025 867 1090 construi
903 1032 1036 1104 queant.
1085 1023 1231 1089 Exsistit
1259 1023 1307 1088 ita
1342 1037 1475 1086 carmen

303 1134 366 1197 boc
389 1129 480 1216 (post
503 1132 679 1198 secundam
698 1141 732 1197 et
748 1139 825 1211 post
841 1132 974 1197 tertiam
991 1131 1149 1210 periodos
1166 1130 1310 1209 singulis
1333 1128 1474 1208 Dionysi

303 1241 523 1321 paroemiacis
575 1241 814 1321 interruptum,
867 1239 901 1304 id
948 1239 1034 1319 quod
1081 1246 1191 1303 tamen
1239 1237 1280 1302 ad
1326 1241 1474 1300 nostram

303 1349 531 1429 quaestionem
555 1349 681 1413 nullius
706 1357 757 1414 est
780 1345 986 1430 momenti):'

305 1463 433 1536 Φθιῶτ’
456 1464 604 1554 Ἀχιλλεῦ,
628 1474 662 1534 τί
683 1465 760 1534 ποτ’
783 1462 1022 1554 ἀνδροδάικτον
1044 1465 1173 1532 α’κοόων

409 1573 442 1662 ἰὴ
467 1575 576 1642 κόπον
600 1573 639 1640 οὐ
663 1573 826 1648 πελάθεις
848 1573 903 1640 ἐπ’
926 1572 1074 1661 decorem

301 1680 424 1770 Ἑρμᾶν
447 1684 510 1766 μὲν
533 1682 697 1771 πρόγονον
720 1688 836 1765 τίομεν
859 1691 948 1765 γένος
971 1683 1003 1746 οἱ
1024 1684 1104 1767 περὶ
1126 1684 1257 1764 λίμναν.

410 1787 442 1879 ἰὴ
467 1790 573 1856 κόπον
596 1793 663 1863 κτλ,
1036 1861 1047 1880 .

304 1892 434 1964 Κνίδιοί
451 1892 579 1978 Ἀχαιῶν
603 1892 728 1984 Ἀτρέως
752 1901 973 1984 πολυκοίρανε
996 1895 1152 1980 μάνθανέ·
1172 1919 1239 1978 pov
1263 1905 1336 1963 παῖ.

411 2000 443 2092 ἰὴ
463 2004 568 2069 κόπον
592 2007 659 2072 κτλ.

304 2110 503 2197 Εδφαμεῐτε.
528 2111 761 2222 μελισσονόμοι
785 2111 887 2194 δόμον
912 2108 1089 2197 Ἀρτέμιδος
1111 2110 1348 2208 πέλαςοῖγειν.

412 2217 444 2306 ἰὴ
468 2218 576 2285 κόπον
601 2221 668 2288 κτλ.

305 2325 424 2412 Κύριός
447 2326 515 2409 εἰμι
538 2333 658 2412 θροεῖν
681 2321 775 2393 ὅδιον
799 2325 915 2410 κρότος
939 2326 1045 2391 αἴσιον
1069 2320 1205 2412 α’νδρῶν.

411 2431 444 2524 ἰὴ
468 2432 576 2499 κόπον
600 2437 666 2502 κτλ.

305 2565 357 2628 ldx
382 2565 443 2628 boc
468 2571 608 2628 centone
633 2565 808 2630 Wecklein
833 2563 869 2646 (l.
896 2564 917 2627 l.
936 2583 966 2641 p.
985 2564 1064 2642 220)
1088 2561 1257 2626 concludit
1275 2580 1348 2624 mon
1381 2559 1478 2623 modo

268 2684 272 2692 '
306 2671 472 2752 epbymnii
490 2690 582 2735 usum
601 2671 686 2750 apud
703 2671 905 2751 Aeschylum
923 2671 1130 2748 frequentem
1153 2668 1268 2748 fuisse,
1294 2666 1351 2731 sed
1376 2667 1476 2732 etiam

305 2796 404 2856 saepe
428 2778 540 2859 talem,
572 2787 609 2842 ut
641 2778 850 2858 epbymnium
886 2796 957 2841 cum
989 2777 1128 2853 stropha
1157 2774 1304 2855 quidem,
1330 2773 1387 2837 sed
1413 2792 1478 2837 uon

306 2904 379 2950 cum
403 2885 615 2962 antistropha
638 2892 711 2949 arte
736 2893 836 2963 atque
852 2891 1009 2948 accurate
1027 2890 1116 2947 esset
1140 2883 1349 2970 coniunctum
1374 2898 1481 2958 eoque

306 2990 402 3055 modo
427 3010 543 3056 seusus
570 3010 648 3069 prae
672 3010 709 3055 re
733 2990 858 3054 musica
882 2997 940 3054 aut
956 2990 1062 3054 forma
1083 2990 1288 3068 aliquantum
1305 2987 1482 3067 neglectus

307 3106 406 3162 esset.

415 3206 520 3269 Recte
558 3205 669 3269 eodem
707 3205 781 3268 loco
818 3206 889 3283 ipse
919 3203 1092 3269 Wecklein
1123 3201 1301 3267 tenendum
1326 3219 1399 3264 esse
1424 3200 1482 3263 ad-

308 3321 419 3378 monet
446 3313 589 3376 comicos
615 3321 729 3390 poetas
754 3311 794 3376 ad
812 3313 1005 3376 movendum
1023 3311 1126 3374 risum
1143 3327 1200 3374 res
1216 3327 1341 3387 augere
1358 3308 1481 3372 solere.

309 3420 403 3501 Quod
437 3420 587 3497 profecto
623 3421 663 3483 ab
700 3419 753 3498 iis,
790 3419 846 3498 qui
882 3437 922 3482 ex
947 3419 1039 3496 poesi
1072 3418 1197 3480 comica
1222 3413 1482 3497 (comoediarum

309 3535 408 3605 atque
433 3527 628 3606 satirarum)
664 3544 778 3591 verum
814 3524 955 3589 alicuius
990 3526 1052 3606 rei,
1089 3542 1173 3602 queo
1206 3523 1252 3587 ibi
1276 3523 1482 3602 exagitatur,

309 3641 431 3699 statum
465 3633 596 3698 discere
632 3634 758 3713 volunt,
793 3633 919 3710 respici
954 3632 1036 3696 mibi
1072 3649 1201 3710 quoque
1239 3630 1372 3693 maximi
1407 3648 1483 3693 osse

209 3751 212 3756 '
310 3740 465 3804 momenti
491 3740 636 3819 videtum
661 3758 721 3803 nec
746 3742 828 3804 satis
854 3739 1096 3804 Weckleinium
1122 3736 1155 3801 id
1181 3736 1369 3814 respexisse
1391 3743 1483 3813 puto.

310 3849 480 3929 Quietenus
515 3849 601 3911 euim
638 3865 854 3925 unaquaeque
888 3865 943 3910 ros
977 3847 1018 3909 ab
1042 3844 1113 3909 illis
1136 3843 1277 3908 ridicule
1302 3845 1348 3907 sit
1372 3845 1484 3923 aucte,

310 3956 338 4018 si
364 3955 441 4020 aliis
464 3955 613 4019 l'ontibus
638 3973 799 4035 caremus,
825 3952 1056 4018 difficillimum
1081 3959 1133 4016 est
1158 3949 1198 4014 ad
1224 3932 1484 4030 diiudicandum,

311 4063 359 4126 ita
383 4070 419 4127 ut
443 4079 542 4140 saepe
567 4061 600 4125 id
625 4061 699 4125 fieri
726 4062 857 4124 omnino
882 4080 946 4124 uon
971 4061 1088 4139 possit.
1136 4058 1237 4122 Velut
1261 4058 1316 4121 bic
1349 4058 1484 4121 minime

312 4187 447 4234 necesso
472 4187 545 4232 esse
571 4168 654 4233 duco
681 4168 947 4232 coniunctionem
973 4166 1223 4246 epbymniorum
1253 4182 1324 4228 cum
1360 4163 1485 4227 ceteris

312 4294 424 4354 parum
462 4283 569 4341 artam
611 4275 759 4342 irrideri.
814 4279 865 4338 An
902 4273 1073 4352 quisquam
1112 4271 1311 4336 contendere
1347 4270 1487 4334 audebit

312 4384 579 4464 Aristophanem,
594 4384 623 4447 si
637 4382 884 4462 epbymniorum
902 4381 1085 4460 freqentem
1104 4398 1197 4444 usum
1216 4379 1321 4442 solum
1338 4376 1485 4442 irridere
