3130 5206
809 439 998 498 ..412.

335 639 506 713 vocentur,
531 651 581 696 me
606 631 701 710 plane
727 631 899 709 praeterit.
946 629 1027 696 Nam
1051 625 1191 712 χρησμός
1226 639 1289 712 est,
1322 631 1504 711 ubicunqne

335 739 516 820 invenitur,
555 755 750 817 responsum
790 737 853 818 dei,
894 745 952 802 aut
992 738 1198 802 vaticinium.
1240 737 1359 819 'Quare
1399 747 1435 804 nt
1473 741 1503 803 in
1549 757 1550 760 ¹

1544 826 1558 869 dl

335 846 510 925 ephymnio
535 846 620 910 nihil
644 853 696 910 est
721 845 808 924 quod
831 840 973 926 χρησμός
996 853 1089 910 recte
1114 846 1229 910 vocari
1256 847 1374 929 possit,
1398 847 1444 910 ita
1469 865 1505 910 ea

335 971 418 1030 quae
444 954 565 1018 chorus
591 954 821 1032 pronuntiavit
844 953 1054 1030 antistropha
1071 972 1097 1034 e,
1122 953 1285 1031 imprimis
1309 955 1504 1019 sententiam

667 1054 856 1142 κεκόλληται
882 1063 971 1138 γένος
994 1052 1078 1140 πρὸς
1101 1055 1176 1142 ἄτᾳ,

334 1169 507 1245 aptissime
532 1185 613 1233 voce
630 1162 769 1249 χρησμός
785 1169 904 1248 regina
921 1167 1173 1246 complectitur3
1197 1186 1305 1246 neque
1324 1169 1504 1249 Clytaeme-

1545 595 1558 654 h

1552 935 1558 978 l

1545 1043 1558 1086 'l

335 1283 426 1338 strae
439 1275 542 1357 verba
557 1277 598 1338 ab
613 1275 671 1338 illo
689 1275 782 1338 chori
806 1274 966 1339 vaticinio
996 1273 1117 1338 debere
1135 1275 1313 1339 interiecto
1332 1277 1504 1356 ephymnio
1552 1268 1556 1290 ”

333 1380 443 1444 dirimi
469 1399 648 1458 pronomen
683 1375 777 1442 τόνδε
812 1381 974 1446 vocabolo
1002 1375 1150 1464 χρησμόν
1173 1382 1374 1447 attributum
1400 1382 1504 1447 docet.

1551 1473 1558 1499 d

333 1488 498 1552 Sicorim
525 1489 635 1553 oratio
660 1489 743 1552 hene
769 1487 937 1566 procedit:
974 1487 1103 1566 Regina
1127 1489 1333 1570 vaticinium,
1359 1489 1446 1568 qnod
1469 1490 1505 1554 de
1557 1505 1558 1516 ¹

333 1593 463 1659 Atridis
497 1613 532 1658 se
566 1596 709 1674 invicem
745 1595 942 1659 necantibus
978 1593 1073 1658 modo
1107 1594 1236 1660 audivit
1272 1597 1408 1660 choram
1435 1615 1505 1675 pro·
1550 1581 1558 1624 ³³

332 1699 503 1782 ferentem,
529 1720 642 1767 veram
668 1719 741 1765 esse
767 1703 920 1781 agnoscit
944 1701 1108 1780 simulque
1132 1721 1172 1765 ne
1198 1702 1379 1781 qnandoin
1402 1704 1502 1781 ipsam
1556 1687 1558 1730 λ

333 1807 430 1873 cadat
463 1810 678 1874 vehomenter
712 1815 822 1888 pavet,
858 1826 960 1886 qnare
996 1825 1031 1872 se
1068 1826 1139 1872 cum
1178 1810 1314 1887 generis
1351 1809 1504 1874 daemone

333 1914 449 1979 foedus
485 1915 648 1980 facturam
685 1933 759 1980 esse
796 1915 890 1980 dicit.
916 1950 958 1958 -
982 1915 1050 1979 Nec
1074 1915 1212 1979 moltam
1238 1916 1349 1981 differt
1383 1916 1505 1994 primus

1555 1796 1558 1840 l

334 2023 437 2086 locas,
485 2023 664 2101 Postquam
701 2023 822 2086 chorus
858 2023 998 2100 stropha
1033 2040 1053 2082 α
1089 2022 1153 2086 sibi
1188 2031 1327 2088 mortem
1352 2031 1505 2100 precatus
1557 2017 1558 2054 λ

334 2137 396 2210 ost,
422 2129 507 2208 quod
533 2132 734 2207 Agamemno
759 2138 826 2194 tam
851 2129 956 2194 multa
980 2147 1040 2207 per
1064 2127 1147 2194 duas
1171 2129 1323 2211 feminea,
1349 2131 1504 2195 Helenam
1557 2131 1558 2152 ¹

333 2243 367 2299 et
392 2236 680 2316 Clytaemestram,
705 2245 795 2300 esset
818 2254 946 2316 passus,
971 2237 1187 2316 systematel
1212 2243 1245 2300 et
1270 2244 1365 2314 pmte
1390 2239 1412 2316 β

529 2353 585 2420 -ίοί
610 2355 648 2421 id
672 2356 841 2440 παράνους
864 2354 985 2440 Ἑλένα,

548 2469 607 2546 μία
631 2459 688 2537 τὰς
711 2463 844 2548 πολλοῖς,
868 2459 925 2537 τοὶς
949 2462 1038 2528 ποίνο
1063 2463 1189 2537 πολλὰς

548 2569 655 2658 ψυχὰς
678 2568 804 2636 ὀλέσαντ’
828 2567 892 2635 ὑπὸ
920 2577 1033 2657 Τροίᾳ.

654 2682 714 2756 νῦν
738 2680 773 2743 δὲ
796 2680 923 2743 τελείαν
947 2677 1180 2760 πολύμναστον
1275 2721 1279 2730 -
1346 2704 1351 2714 ·

547 2784 718 2871 ἐπηνθίσω
742 2780 785 2850 δι’
810 2773 882 2866 αἷμ’
906 2783 1057 2868 ἄνιπτον,

545 2888 614 2978 ἥτις
636 2881 676 2980 ἦν
699 2890 768 2958 τότ’
791 2891 826 2958 ἐν
852 2891 965 2975 δόμοις

520 3010 522 3015 ’
546 2999 613 3084 ἔρις
637 2999 806 3084 ἐρίδματος
830 2995 946 3084 ἀνδρὸς
970 2998 1055 3078 οἰζύς

335 3131 492 3194 Helenam
512 3137 717 3208 exsecratur,
736 3131 857 3208 quippe
875 3149 894 3193 a
911 3149 976 3208 qua
991 3137 1097 3192 totum
1116 3129 1234 3192 malum
1254 3129 1300 3192 sit
1312 3127 1505 3206 profectum.

334 3237 384 3302 Ad
410 3255 493 3315 quae
517 3237 635 3316 regina
659 3245 840 3316 systemate
865 3235 899 3300 ll
924 3254 1041 3313 aspere
1066 3235 1247 3313 respondet
1270 3253 1311 3298 ne
1336 3236 1427 3299 vitae
1453 3251 1505 3298 eos

333 3344 469 3408 taedeat
492 3362 575 3409 neve
596 3351 714 3407 eontra
744 3344 902 3407 Helenam
935 3344 1018 3407 iram
1048 3350 1212 3407 avertant.
1260 3341 1365 3406 Valde
1389 3343 1505 3405 mirum

335 3452 390 3533 sit,
416 3452 444 3516 si
469 3451 575 3514 nihilo
600 3452 707 3514 minus
732 3451 888 3527 repetitis
922 3456 998 3528 post
1022 3450 1267 3527 antistropham
1294 3467 1314 3508 α
1339 3445 1504 3530 ephymnii

335 3560 407 3623 loco
433 3565 615 3638 systemate
640 3557 656 3621 Ι
682 3565 716 3620 et
741 3557 874 3635 portet
897 3557 1015 3635 regina
1033 3556 1386 3636 commemorationem,
1412 3571 1505 3634 (poam

309 3663 313 3671 “
334 3666 453 3745 vetuit,
471 3665 618 3729 Helenae
636 3665 791 3728 iteratam
809 3682 873 3727 non
885 3665 1055 3741 vituperet
1067 3681 1174 3740 neque
1188 3662 1319 3726 omnino
1337 3663 1507 3739 respiciat,

335 3773 392 3838 sed
418 3777 539 3851 pergat
563 3771 673 3835 dicere
699 3772 833 3835 chorum
858 3782 944 3834 nunc
970 3770 1167 3834 sententiam
1193 3787 1284 3833 suam
1311 3771 1508 3842 correxisse,

335 3900 407 3945 cum
442 3879 682 3945 nominavisset
718 3877 908 3941 daemonem
943 3877 1078 3952 generis
1113 3875 1160 3954 (id
1197 3875 1283 3954 qaod
1320 3885 1438 3953 aperte
1473 3870 1508 3937 ad

251 3974 255 3982 ¹
334 4006 364 4053 v.
393 3991 476 4050 1469
509 3985 717 4049 referendum
750 3985 821 4067 est).
862 3988 907 4049 At
937 3985 1035 4047 huius
1069 3984 1118 4047 rei
1145 4001 1276 4047 causam
1302 3981 1420 4046 afferre
1447 3977 1507 4045 sibi

335 4096 400 4159 visi
434 4102 511 4158 sunt
542 4093 762 4159 Wilamowitz
796 4091 881 4173 (ind.
907 4092 1010 4155 schol.
1042 4091 1167 4171 Gryph.
1203 4087 1357 4172 1879180,
1383 4109 1414 4168 p.
1442 4087 1510 4168 dil)

334 4203 469 4279 aliique.
509 4201 635 4265 Putant
660 4201 743 4263 enirn
769 4198 908 4277 repetiti
933 4198 1101 4278 ephymnii
1126 4199 1228 4262 verba
1253 4215 1326 4261 esse
1344 4193 1510 4260 daemonis

335 4307 598 4380 'tantationum
616 4308 709 4371 cuius
727 4305 984 4396 dominationem
1001 4324 1041 4368 ex
1059 4304 1155 4368 malis
1178 4321 1262 4382 quae
1283 4301 1510 4380 patravissent

337 4415 420 4480 duae
467 4414 610 4478 feminae
652 4413 910 4495 (Clytaemestra
942 4420 984 4477 et
1019 4412 1157 4489 Helena)
1195 4411 1352 4491 cognosci
1388 4411 1510 4474 chorus
