3130 5206
787 431 1007 490 ..32-

313 623 386 686 loco
412 624 444 686 in
470 623 574 702 primo
600 623 810 700 stropharum
835 620 918 700 quari,
943 627 1002 684 aut
1026 620 1060 684 iu
1085 619 1191 697 primo
1216 626 1251 683 et
1273 617 1377 682 tertio
1402 619 1484 695 Sup-
1555 629 1556 634 ’

311 729 434 807 plicam
459 729 576 807 parodi
606 729 710 808 partis
734 729 857 794 tertiae
875 725 919 810 (p.
942 732 985 792 24
1004 735 1038 792 et
1056 723 1123 808 25),
1142 726 1353 806 ephymnium
1378 723 1481 788 inter·

312 836 415 901 icitur
450 838 508 918 ita,
544 845 581 902 ut
615 855 680 900 non
715 837 821 914 ipsum
855 853 986 900 sensum
1026 834 1185 912 strophae
1215 832 1400 911 continuet,
1426 831 1483 895 sed

312 951 421 1008 tannen
456 945 582 1008 talibus
617 944 731 1010 verbis
767 943 967 1023 excipiatur,
1004 959 1087 1020 quae
1123 941 1254 1004 omnino
1279 940 1402 1004 nullam
1428 941 1484 1002 ob·

312 1052 509 1115 scuritatem
532 1058 591 1115 aut
615 1051 856 1116 dubitationem
881 1049 1070 1129 admittant,
1095 1047 1305 1112 oil'enaionem
1323 1047 1484 1124 praebere

314 1176 376 1220 non
402 1165 568 1235 poterant.
615 1156 679 1222 Sed
710 1157 809 1237 illud,
834 1156 919 1235 quod
953 1156 1042 1220 inter
1072 1155 1182 1220 omnia
1206 1154 1373 1242 ephymuii
1398 1152 1485 1230 apud

314 1264 513 1344 Aeschylum
547 1266 698 1342 exempla
729 1265 870 1329 maximo
893 1262 934 1327 ad
958 1263 1151 1340 popularem
1177 1269 1276 1339 atqua
1301 1259 1484 1338 simplicem

314 1389 435 1434 morem
452 1372 708 1452 appropinquat,
726 1389 790 1450 qao
808 1371 1012 1448 compositae
1029 1377 1107 1434 sunt
1125 1367 1340 1432 Eumenidum
1359 1367 1485 1432 exodus

312 1486 347 1542 et
384 1479 640 1557 Agamemnonis
677 1477 792 1558 paredi
832 1475 976 1542 secunda
1011 1494 1100 1557 pars,
1137 1475 1304 1540 offendere
1351 1482 1483 1553 poetam

312 1592 457 1662 poterat.
504 1586 584 1650 Nam
626 1585 837 1665 emphymnia
876 1585 931 1648 hic
966 1583 1049 1648 adeo
1084 1601 1149 1648 non
1186 1583 1367 1648 cohaerent
1412 1601 1484 1646 curu

313 1693 449 1774 ceteris,
485 1700 522 1757 ut
557 1693 668 1770 potius
704 1693 738 1756 iu
776 1691 993 1756 Eumenidum
1029 1690 1134 1755 exodo
1171 1690 1273 1754 semel
1309 1689 1355 1766 (v.
1383 1689 1484 1754 lueet

313 1799 453 1864 mediam
477 1817 600 1879 eorum,
635 1799 693 1878 qui
724 1806 838 1864 cetera
862 1805 994 1879 canunt,
1019 1797 1282 1862 enuntiationem
1307 1797 1484 1861 interrum-

313 1914 403 1986 paut,
428 1907 462 1970 iu
486 1907 744 1984 Agamemnonis
768 1905 894 1984 parodo
918 1905 969 1970 bis
994 1904 1023 1970 si
1043 1924 1108 1970 non
1133 1905 1384 1983 grammaticam
1409 1922 1485 1967 con·

312 2015 533 2078 structionem
557 2012 598 2078 ad
628 2021 738 2079 tamen
763 2031 895 2078 sensum
921 2010 1159 2094 (narrationem
1184 2011 1331 2092 prodigii
1357 2029 1485 2076 eorum·

313 2139 375 2200 que
401 2138 485 2200 quae
510 2122 759 2201 sequebantur),
781 2137 887 2199 neque
912 2127 970 2185 aut
994 2120 1048 2184 hic
1072 2126 1131 2186 aut
1146 2119 1221 2184 illic
1237 2137 1350 2184 eorum
1368 2124 1486 2196 postea

313 2229 362 2306 (in
387 2228 437 2292 eis
462 2245 546 2307 quae
571 2229 720 2306 proxime
746 2228 942 2307 sequuntur)
966 2227 1055 2292 ratio
1080 2227 1259 2305 habeatur;
1288 2224 1374 2305 quod
1404 2243 1484 2304 quo·

313 2333 409 2398 modo
433 2334 493 2398 liat
516 2353 617 2413 supra
646 2334 800 2400 vidimus.
836 2335 903 2398 Nec
920 2333 1036 2399 dubito
1054 2335 1133 2413 quin
1151 2333 1313 2399 eiusmodi
1327 2333 1484 2412 Aeschyli

313 2441 464 2520 exempla
497 2442 732 2521 Aristophanis
766 2441 840 2506 ioco
872 2449 1066 2520 spectentur
1097 2475 1139 2486 -
1166 2441 1195 2506 si
1218 2457 1256 2504 re
1280 2458 1362 2506 vera
1385 2449 1486 2518 poeta

313 2548 353 2612 de
378 2548 575 2614 annectendi
599 2549 776 2629 ephymnia
800 2550 931 2614 ratione
954 2550 1009 2612 hic
1035 2549 1165 2613 omnino
1191 2549 1337 2628 cogitari
1366 2547 1485 2612 voluit.

420 2673 455 2739 Si
480 2675 597 2755 igitur,
622 2693 663 2738 ne
688 2673 833 2739 secundo
857 2673 1025 2754 tertioque
1049 2674 1134 2738 loeis
1163 2674 1197 2738 in
1225 2679 1342 2737 nostro
1366 2673 1486 2737 Eumo-

313 2779 424 2844 nidum
462 2782 592 2845 cantico
629 2782 807 2861 ephymnia
842 2780 1104 2861 introducamus,
1137 2782 1234 2844 nohis
1259 2780 1485 2861 dissuadetur,

313 2895 422 2951 tamen
460 2887 545 2965 quod
580 2888 726 2952 traditae
761 2887 888 2952 formae
911 2895 1026 2967 partes
1052 2907 1069 2965 γ
1092 2895 1192 2966 atque
1222 2905 1327 2952 anon
1352 2887 1487 2967 habent,

314 2992 401 3073 quod
426 2994 475 3058 eis
492 2994 702 3076 respoudeat,
716 2995 813 3060 valde
830 2995 998 3076 displicet,
1015 2996 1186 3074 proboque
1204 3013 1318 3059 eorum
1341 3013 1486 3074 operam,

315 3101 370 3179 qui
394 3101 505 3179 aliquo
530 3101 625 3164 modo
650 3103 898 3180 responsionem
923 3101 1055 3166 efficere
1079 3101 1289 3167 studuerunt.
1325 3102 1371 3167 Ει
1387 3101 1486 3166 facile

314 3207 517 3290 adducimur,
554 3216 591 3273 ut
626 3217 812 3274 statuamus
849 3210 928 3275 illas
964 3218 1078 3288 partes
1113 3211 1153 3274 ab
1179 3210 1311 3288 origine
1335 3210 1425 3273 inter
1450 3229 1486 3273 so

314 3314 537 3396 respondisse,
571 3335 643 3382 cum
677 3325 711 3381 et
734 3335 889 3382 numerus
919 3335 1074 3383 versuum
1098 3323 1265 3398 congruat
1287 3326 1322 3382 et
1345 3325 1486 3382 metrum

314 3423 415 3486 trium
445 3423 594 3500 priorum
623 3420 815 3506 (quartique
843 3423 959 3504 medii)
988 3424 1074 3489 idem
1104 3423 1157 3505 sit,
1187 3424 1368 3491 diversitas
1399 3433 1487 3488 cete-

314 3548 427 3595 rorum
451 3537 562 3594 autem
579 3529 665 3596 haud
682 3532 731 3594 ita
747 3532 961 3596 vehementer
977 3533 1023 3596 sit
1039 3532 1227 3612 premenda,
1245 3533 1324 3611 quia
1347 3534 1487 3596 metrica

314 3636 422 3700 torma
460 3654 575 3701 versus
611 3642 676 3700 360
709 3639 903 3719 μαυροῦμεν
938 3628 995 3718 ὑφ’
1031 3635 1169 3716 αἵματος
1204 3641 1278 3700 νέου
1314 3658 1379 3703 uon
1415 3640 1487 3702 sine

315 3743 496 3807 offensione
521 3750 588 3824 est,
622 3752 656 3808 et
680 3746 823 3825 scribae,
848 3746 876 3808 si
901 3745 1149 3822 responsionem
1175 3747 1239 3810 iam
1263 3765 1329 3810 non
1366 3765 1486 3824 cogno·

315 3851 467 3930 scebant,
502 3849 635 3914 facilius
658 3857 765 3916 metra
790 3870 1003 3930 corrumpere
1033 3860 1200 3933 poterant,
1227 3860 1263 3917 ut
1286 3851 1410 3918 factum
1436 3861 1488 3916 est

224 4006 227 4010 .
315 3957 349 4020 in
374 3956 543 4035 plerisque
568 3957 693 4035 cpodis.
731 3959 776 4023 Et
801 3966 1047 4037 proposuerunt
1071 3977 1141 4023 eam
1167 3959 1324 4024 medelam
1351 3959 1487 4038 plurimi
1551 3953 1552 3956 ’

315 4081 439 4142 eorum,
468 4064 525 4142 qui
554 4066 732 4144 ephymnia
761 4067 879 4131 invitis
908 4065 1080 4131 codicibus
1109 4066 1289 4131 uoluerunt
1324 4073 1485 4144 statuere.

316 4169 380 4234 Sed
415 4171 529 4248 plures
565 4189 678 4236 eorum
712 4180 889 4250 praeterea
926 4172 1074 4237 ordinem
1111 4174 1256 4251 partium
1295 4174 1352 4253 qui
1377 4175 1486 4238 estin

316 4277 485 4342 codicibus
518 4286 746 4359 mutaverunt,
773 4281 822 4344 ita
846 4288 882 4345 ut
906 4281 1073 4345 mesodica
1098 4282 1350 4360 compositionis
1380 4281 1488 4345 forma

316 4403 334 4449 e
359 4386 505 4450 carmine
531 4393 755 4452 evanesceret.
804 4387 906 4452 Velut
931 4389 1049 4468 Heath,
1075 4406 1171 4468 quem
1194 4408 1259 4453 nou
1283 4389 1381 4468 pauci
1411 4397 1489 4454 sunt
