3130 5206
777 437 810 446 .-
865 407 995 466 36.-

300 595 503 678 consecutio,
547 597 723 662 secundam
766 599 927 679 syllabam
971 597 1103 676 longam
1152 605 1339 663 statuamus
1349 595 1390 680 1),
1436 603 1476 662 ut

299 712 405 770 totum
451 705 646 770 vocabulum
691 705 828 770 formam
864 708 1024 785 praebeat
1059 705 1205 770 diiambi.
1264 704 1367 787 Quam
1406 705 1476 769 for·

299 832 383 877 mam
408 814 442 876 in
465 812 529 877 fine
556 812 789 891 respondentis
818 832 938 879 versus
965 811 1091 877 mesodi
1118 811 1279 877 facillime
1308 813 1475 878 efficimus

300 920 486 984 scribentes
509 911 699 1000 α’μαυ-ραῦυ
723 937 782 997 pro
808 920 984 1003 μαυ-ρυῦυ,
1010 937 1093 998 quae
1118 919 1259 984 mutatio
1291 920 1384 984 nulla
1409 926 1472 1000 est,

300 1027 452 1106 quoniam
479 1019 650 1108 ἀμαυροῦν
673 1046 740 1091 non
755 1027 872 1092 mimus
890 1046 984 1107 quam
1001 1028 1150 1108 μαυρυῦυ
1167 1045 1186 1089 a
1203 1027 1311 1107 poetis
1328 1028 1475 1104 tragicis

299 1141 495 1211 usurpatum
531 1141 583 1198 est
608 1131 662 1215 (cf.
687 1133 786 1214 Soph.
814 1133 878 1214 frg.
904 1139 979 1215 685,
1003 1134 1085 1198 Eur.
1110 1132 1175 1213 frg.
1200 1135 1286 1210 420).
1322 1135 1475 1212 Denique

299 1259 330 1306 v.
349 1245 410 1304 377
438 1249 513 1318 post
541 1235 686 1321 σφαλερὰ
716 1259 851 1306 necesse
881 1249 934 1306 est
963 1241 1112 1319 suppleri
1140 1241 1337 1305 vocabulum
1373 1243 1473 1305 unius

299 1348 419 1426 longae
455 1348 616 1428 syllabae,
652 1346 737 1426 quod
773 1347 975 1426 respondeat
1018 1367 1049 1412 v.
1076 1353 1138 1411 359
1177 1348 1339 1413 vocabulo
1387 1339 1475 1428 ὄνθ’,

299 1455 442 1532 exempli
468 1473 568 1518 causa
592 1449 662 1536 γάρ,
686 1465 724 1520 nt
747 1456 905 1533 legantur
928 1456 995 1519 loci
1019 1456 1081 1519 hoc
1105 1454 1221 1519 modo:

618 1570 777 1662 κρατερυῖν
801 1573 879 1641 ὄνθ’
901 1571 987 1658 ὅμως
1011 1570 1116 1658 dpoo-

619 1687 699 1768 ροῦν
722 1678 779 1766 ὑφ’
804 1684 939 1766 αἵματος
962 1689 1037 1748 νέου

301 1783 335 1839 et

619 1858 765 1944 σφαλερὰ
790 1857 850 1946 γὰρ
872 1859 1089 1947 τανυδρόμοις

620 1969 717 2053 κῶλα,
742 1966 907 2052 δυσφόρως
930 1967 1022 2049 ἄγαν.

299 2078 337 2142 In
363 2079 424 2142 hac
449 2077 677 2144 emendatione
703 2079 828 2144 Blassii
853 2078 1122 2144 consiliumsum
1151 2090 1297 2144 secutus.

407 2187 627 2250 Transeamus
663 2185 702 2249 ad
740 2187 863 2250 locum·
884 2204 949 2250 non
981 2187 1088 2250 minus
1114 2185 1294 2266 difficilem,
1319 2207 1474 2266 magnum

301 2294 559 2372 Agamemnonis
594 2292 727 2357 tabulae
764 2287 896 2370 καμμόυ
927 2291 1186 2374 (rma—ntro),
1217 2295 1272 2372 qui
1297 2303 1474 2372 postquam

300 2407 434 2478 patrata
463 2399 563 2464 caede
594 2401 706 2465 mariti
737 2400 982 2480 Clytaemestra
1010 2399 1187 2479 patefactis
1222 2400 1352 2466 foribus
1385 2402 1476 2479 apud

301 2525 422 2584 corpus
447 2507 610 2570 mortuum
636 2514 730 2571 stans
754 2506 917 2572 atrociter
940 2507 1062 2572 iactum
1089 2525 1272 2585 causasque
1301 2511 1478 2574 enarravit

301 2631 406 2692 neque
432 2613 620 2678 ullomodo
646 2631 682 2678 se
706 2613 867 2678 facinoris
891 2614 1063 2692 paenitere
1089 2613 1185 2694 dixit,
1211 2617 1344 2680 canitur
1368 2617 1408 2680 ab
1435 2636 1478 2682 ea

300 2728 401 2799 atque
426 2721 539 2784 choro.
587 2720 798 2799 Compositus
823 2729 874 2784 est
898 2721 1072 2784 extribus
1102 2722 1284 2786 maioribus
1308 2724 1477 2806 partibus

300 2827 333 2892 in
370 2846 506 2906 quarum
544 2845 739 2907 unaquaque
775 2827 871 2891 binae
908 2829 1003 2892 chori
1029 2828 1256 2906 expositiones
1280 2831 1369 2894 binis
1394 2829 1475 2910 Gly-

300 2942 503 3008 taemestrae
527 2935 697 3013 responsis
721 2935 946 3015 excipiuntur,
964 2934 1012 2998 ita
1031 2942 1068 3000 nt
1085 2936 1183 2998 huius
1201 2937 1313 3000 verbis
1330 2945 1476 3002 metrum

301 3041 411 3105 subsit
435 3041 694 3122 anapaesticum‚
719 3059 804 3119 quae
821 3041 879 3104 ille
896 3041 990 3120 dicit,
1007 3040 1273 3106 artificiosiorem
1291 3044 1325 3106 in
1343 3043 1476 3108 modum

301 3148 370 3211 sint
394 3156 564 3226 concepta.
612 3148 701 3212 Ecce
721 3146 852 3212 tradita
876 3146 996 3212 forma:

622 3255 688 3319 Str.
714 3273 734 3314 α

674 3361 805 3440 systl

726 3469 748 3546 β
781 3556 870 3636 syst.
895 3557 929 3620 u
954 3553 1035 3640 (or.)

622 3648 691 3711 Ant
725 3664 746 3705 α

782 3755 948 3833 Antisyst.
973 3750 1042 3831 112)
1067 3749 1144 3834 (01.)

623 3878 687 3942 Str.
714 3897 732 3955 γ

643 4011 645 4015 ·
677 3985 764 4065 Syst.
783 3984 836 4049 ΙΙΙ

729 4091 795 4156 Str.
821 4091 840 4152 δ
934 4056 1019 4134 Eph·

426 4211 435 4280 )
456 4213 538 4277 Quod
558 4213 653 4269 facere
673 4214 751 4280 licet,
772 4211 808 4266 cf.
828 4213 1044 4267 Kbhner-Blass
1063 4215 1085 4282 I,
1105 4232 1132 4282 p.
1143 4215 1230 4282 eden.

408 4304 436 4355 m
455 4303 540 4357 Notis
560 4309 631 4372 syst.
645 4303 674 4355 Π
688 4331 718 4339 -
734 4304 865 4370 antisyst.
880 4302 916 4370 ΙΙ,
931 4302 978 4369 IV,
992 4303 1031 4356 VI
1045 4304 1127 4356 nolui
1141 4303 1303 4372 significare
1325 4305 1474 4356 metricam

303 4392 520 4460 responsionem
540 4391 606 4462 (qua
625 4393 660 4445 de
679 4409 710 4446 re
730 4395 865 4459 certatur,
885 4390 921 4445 cf.
941 4393 1032 4460 ptr),
1052 4395 1103 4447 sed
1117 4394 1315 4447 tantummodo
1331 4393 1474 4462 quandam

303 4482 432 4536 locorum
451 4482 481 4534 in
500 4486 644 4536 structura
663 4482 796 4534 carminis
815 4481 1027 4550 aequalitatem.
