3130 5206
790 401 1006 463 —4o-

310 597 485 661 editionem
513 595 739 676 Kirchholfii),
758 597 807 660 ita
825 604 861 661 ut
877 594 1129 661 intervallorum
1148 611 1348 674 permagnus
1371 600 1482 673 partes

310 704 445 768 melicae
470 705 548 768 sint.
581 739 609 748 «-
641 708 878 781 Argumentum
905 701 1020 783 igitur,
1046 701 1132 782 quod
1157 718 1197 765 en
1222 701 1281 764 illa
1305 718 1342 764 ro
1367 708 1483 764 contra
1544 719 1545 766 1

309 801 557 890 responsionem
583 810 725 890 partium
740 811 806 888 flet
819 811 836 884 ζ
849 816 949 888 atque
966 816 1183 889 systematum
1200 808 1215 872 l
1240 815 1274 871 ot
1297 807 1322 869 V
1346 807 1483 886 petitur,

309 917 463 982 sullicere
503 935 568 981 non
605 916 749 982 videtur.
797 917 864 980 Neo
901 917 1036 980 maioris
1072 915 1228 980 momenti
1261 921 1322 993 est,
1354 914 1483 993 siquis

309 1023 394 1089 dicit
429 1025 457 1088 si
493 1032 640 1104 systema
668 1024 683 1088 Ι
710 1032 744 1088 ct
774 1024 799 1086 V
837 1025 927 1090 inter
962 1041 1013 1116 se·
1038 1005 1252 1102 respondisse
1288 1029 1482 1098 statuamus,
1545 1081 1546 1090 ,

310 1130 490 1210 periculum
522 1129 627 1196 fuisse
655 1149 696 1195 ne
727 1138 936 1210 spectatores
969 1129 1143 1194 audientes
1172 1135 1319 1208 systema
1343 1128 1395 1192 ΙΙΙ
1419 1128 1482 1190 iam
1545 1111 1546 1116 ἵ

310 1235 425 1300 adesse
457 1244 606 1316 systema
633 1237 836 1316 respondens
869 1237 1077 1318 systematil
1109 1233 1341 1318 (antisystema
1358 1229 1388 1318 Ι)
1415 1234 1483 1313 opi·

309 1351 480 1409 narentur.
527 1343 609 1408 Nam
633 1345 662 1408 si
687 1364 751 1409 non
777 1352 911 1410 cantata
935 1353 1012 1409 sunt
1036 1345 1117 1408 haee
1141 1351 1326 1424 systemata
1350 1341 1403 1420 (de
1421 1361 1483 1420 qua

311 1468 349 1513 rc
388 1448 564 1533 certatur),
603 1460 638 1517 at
676 1460 769 1516 certe
809 1459 1025 1516 accesserunt
1065 1451 1360 1516 instrumentorum
1400 1449 1483 1528 soni,

315 1575 422 1635 neque
439 1557 538 1623 debet
554 1559 664 1638 putari
683 1567 781 1639 poeta
798 1559 950 1638 partibus
967 1559 1057 1622 inter
1073 1575 1109 1622 se
1126 1576 1190 1622 non
1207 1555 1485 1637 respondentibus

311 1664 442 1730 eosdem
479 1665 592 1730 modos
627 1665 798 1732 indidisse.
847 1669 895 1729 Ac
931 1683 971 1728 ne
1007 1666 1151 1745 partium
1181 1666 1203 1743 β
1236 1673 1270 1730 et
1305 1663 1322 1736 ζ
1355 1664 1484 1742 quidem

310 1772 563 1852 responsionem
589 1773 672 1838 satis
708 1791 747 1838 eo
779 1771 968 1838 dissuaderi
992 1779 1082 1853 puto,
1119 1771 1206 1852 quod
1231 1779 1337 1837 metra
1361 1790 1484 1851 eorum,

310 1895 395 1958 qnae
418 1877 547 1942 tradita
571 1887 659 1960 sunt,
684 1897 798 1957 parum
825 1879 915 1943 inter
945 1895 981 1942 se
1014 1885 1213 1957 congruunt.
1260 1877 1341 1942 Nam
1367 1879 1487 1956 persp
1547 1859 1548 1924 i

310 1993 377 2050 tam
402 1994 561 2063 corrupta
585 1993 646 2066 est,
671 1993 708 2051 ut
731 1986 816 2050 nihil
841 1985 931 2050 obsit
955 1985 1139 2063 quonimus
1163 2002 1233 2049 eom
1258 1984 1299 2049 ad
1316 1985 1485 2049 metricam

310 2109 458 2156 normam
491 2093 597 2170 partis
622 2093 650 2174 ζ,
686 2111 770 2171 qnae
808 2093 915 2170 magis
951 2093 1078 2157 intaeta
1114 2089 1211 2172 estll,
1250 2091 1484 2156 emendandam

311 2216 385 2263 esso
415 2199 654 2280 existimemus,
685 2200 885 2278 praesertim
918 2191 989 2264 oum
1021 2200 1147 2277 primus
1181 2199 1336 2278 partisfl
1367 2217 1485 2265 versus

310 2305 477 2383 separatis
501 2307 542 2371 ab
566 2324 606 2371 eo
630 2306 743 2373 verbis
766 2308 827 2368 νῦν
850 2303 886 2368 δὲ
901 2303 1032 2368 τελείαν
1051 2303 1105 2388 (de
1122 2325 1186 2385 quo
1203 2305 1320 2386 supra)
1339 2306 1486 2385 vestigia
1548 2291 1549 2298 '

310 2412 468 2493 dactylici
492 2413 637 2494 rhythmi
663 2421 787 2494 servet,
812 2413 846 2478 in
870 2412 933 2478 fine
958 2431 1029 2477 oum
1055 2412 1118 2476 tine
1143 2431 1261 2479 versus
1288 2417 1371 2477 1547
1390 2414 1486 2491 quane

311 2528 475 2601 congruat
506 2513 562 2598 (δι’
593 2504 664 2600 αἷμ’
688 2515 832 2582 ἄνιπτον
855 2544 898 2576 =
922 2509 978 2582 ἐπ’
1001 2509 1096 2601 dotat
1119 2520 1225 2604 θείῳ),
1251 2538 1357 2600 neque
1381 2522 1487 2584 minus
1549 2598 1550 2622 Χ

310 2645 428 2692 versus
466 2632 549 2692 1462
587 2647 660 2694 cum
694 2647 725 2694 v.
758 2633 840 2693 1549
877 2628 1028 2706 exceptis
1064 2627 1172 2694 initiis
1197 2622 1410 2712 ([εΊρίδματος
1434 2618 1486 2689 o'o-
1549 2629 1550 2688 l

313 2727 387 2816 δρὸς
410 2730 497 2810 οἰζύς
521 2761 564 2790 z
589 2728 757 2820 [oiiryldao'q
788 2736 917 2816 φρενῶν
948 2729 1097 2816 πονήσει)
1108 2732 1145 2815 2).
1192 2735 1310 2814 Itaque
1335 2735 1484 2815 quamvis

311 2841 448 2906 dillicile
483 2843 529 2907 sit
561 2843 731 2924 iudicium,
759 2843 882 2909 'malim
915 2842 988 2906 luas·
1011 2859 1141 2920 quoque
1175 2851 1290 2920 partes
1326 2843 1414 2907 inter
1451 2861 1484 2905 se

311 2948 526 3027 respondere.
573 2950 686 3029 Neque
717 2958 827 3015 tamen
859 2968 995 3014 neeesse
1028 2968 1100 3015 esse
1133 2957 1211 3027 puto
1244 2968 1328 3030 eum,
1365 2950 1420 3028 qui
1453 2947 1485 3012 id

312 3065 423 3137 negat,
449 3057 633 3122 Solimidtio
659 3056 903 3136 Arnoldtioque
933 3058 1108 3136 assentiri,
1145 3057 1201 3135 qui
1237 3056 1417 3139 systemal
1454 3063 1486 3120 et

314 3171 440 3241 partem
465 3166 488 3243 β
510 3164 726 3244 coniungunt,
751 3172 788 3229 ut
805 3183 902 3229 unum
926 3165 1074 3230 efficiant
1087 3172 1236 3244 systema
1251 3164 1337 3243 quod
1355 3171 1485 3242 vocant,

312 3272 458 3349 itemque
490 3253 678 3352 systemav
707 3279 746 3358 et
773 3268 903 3351 partem
930 3273 947 3346 ζ
971 3275 1084 3350 (atque
1109 3279 1255 3352 systema
1267 3271 1319 3336 ΙΙΙ
1344 3280 1378 3336 et
1401 3281 1487 3335 stro-

313 3379 407 3458 pham
425 3377 467 3460 d),
497 3379 649 3444 commoti
681 3379 850 3444 artissimo
894 3379 982 3443 inter
1013 3380 1320 3445 essententiarum
1351 3397 1487 3442 conexu.

421 3570 447 3642 1)
467 3573 600 3628 Fortasse
620 3573 682 3627 sola
702 3573 798 3626 Vossii
818 3574 977 3629 innotatione
997 3566 1156 3641 ἐπιτύμβιον
1175 3570 1255 3627 αἶνον
1268 3573 1313 3642 (ox
1334 3565 1488 3646 ἐπιτύμβιος

314 3659 411 3725 αἶνος),
430 3668 479 3716 aut
499 3663 606 3732 Weilu,
636 3663 684 3732 qni
712 3663 783 3716 nihil
804 3665 859 3717 nisi
880 3659 955 3721 αἶνος
975 3665 1003 3717 ἰη
1025 3659 1104 3717 αἶνον
1124 3668 1222 3728 rururtut,
1241 3681 1314 3732 opus
1334 3668 1387 3734 est,
1425 3663 1488 3718 Nou

313 3771 434 3806 necesso
454 3757 507 3820 cst,
527 3753 552 3805 si
572 3753 636 3822 quis
657 3771 706 3807 eos
728 3753 865 3822 sequitur,
886 3753 922 3806 do
936 3754 1012 3806 iusta
1025 3753 1218 3822 sollemnique
1232 3754 1362 3807 oratione
1377 3751 1488 3806 forncbri

315 3842 452 3910 cogitare,
473 3841 502 3894 id
523 3841 662 3910 quoditie
684 3842 860 3896 cruriieeturis
881 3843 952 3898 vitio
974 3847 1018 3896 cst
1038 3861 1158 3897 versum.

334 3931 337 3938 ’
419 3927 447 3994 2)
469 3929 558 3984 Plane
588 3935 752 3999 congruunt
781 3951 807 3986 v.
830 3932 898 3984 1462
927 3936 956 3984 et
986 3932 1064 3999 1549,
1091 3932 1114 3984 si
1141 3931 1285 4000 sequimur
1304 3930 1408 3983 Blassii
1429 3948 1490 3999 spe·

312 4021 418 4074 ciosam
450 4021 653 4086 coniecturam,
686 4021 733 4091 qui
766 4026 878 4075 mutans
912 4038 993 4074 uenam
1024 4022 1149 4076 litteram
1178 4021 1281 4074 scribit
1301 4007 1491 4093 rpidyroro⁵

313 4110 557 4168 (=velueunentor
585 4110 811 4176 donnaus-sehr
842 4108 1032 4182 bdndigernd);
1060 4112 1141 4181 ¹quod
1171 4111 1285 4180 quidem
1321 4110 1490 4166 vocabulum

314 4199 382 4252 alibi
405 4217 461 4276 non
482 4200 637 4265 invonitur,
658 4200 709 4254 sed
730 4183 1008 4268 Aeschylourn‘cius‘
1026 4202 1151 4255 colorem
1173 4206 1341 4269 cognoscet,
1365 4201 1411 4269 qui
1427 4219 1491 4254 con·

312 4287 385 4342 ferei
410 4286 521 4342 Cludld
544 4287 677 4361 rpryuspom
696 4287 741 4356 (·—
761 4291 965 4358 pervetustrrsi,
989 4289 1068 4359 Sept.
1085 4291 1137 4343 976
1156 4291 1290 4364 τρίπαλαι
1311 4282 1423 4363 πήματα
1443 4289 1489 4355 (2

311 4384 356 4431 ter
375 4377 511 4446 vibratus,
532 4380 567 4433 do
588 4378 669 4432 riualis
690 4376 961 4446 vehementissimis)
982 4384 1037 4433 cic.
