3130 5206
750 389 1015 478 ⁴-oajss

321 598 433 678 posita
485 596 629 664 videtur.
699 593 804 676 Quam
858 594 980 672 ubique
1026 611 1091 657 uno
1117 591 1296 670 eodemque
1342 587 1503 654 restituti

322 706 491 786 ephymnii
523 703 670 770 remedio
703 701 834 766 efficere
866 708 943 766 sunt
972 701 1094 781 conati,
1119 699 1381 764 monstrantibus
1406 698 1504 763 viam

323 813 486 893 imprimis
525 811 603 875 olim
644 809 683 875 G.
717 809 751 874 Ο.
785 810 834 874 W.
860 807 1075 889 Schneidero,
1118 807 1244 872 nostris
1287 805 1502 884 temporibus

323 925 362 986 A.
388 918 608 986 Kirchhoffio.
708 955 711 960 ι

430 1029 541 1106 Atque
565 1025 597 1089 id
622 1024 754 1104 quidem
785 1039 880 1087 nemo
911 1041 975 1086 non
1006 1021 1175 1103 concedet,
1200 1019 1287 1100 quod
1312 1020 1353 1084 ad
1377 1019 1503 1085 verisi-

324 1134 543 1200 militudinem
576 1134 717 1213 attinet,
749 1132 779 1196 ei
812 1130 1006 1195 emendandi
1038 1131 1161 1196 rationi
1193 1129 1411 1194 difficultates
1444 1129 1503 1191 ob-

325 1245 447 1308 sistere
472 1258 576 1319 paene
592 1241 713 1304 nullas
750 1239 831 1303 Nam
848 1239 883 1302 in
900 1239 1137 1317 manuscriptis
1154 1245 1191 1303 ut
1212 1237 1501 1314 antistropharum

327 1349 503 1430 ephymnia
535 1348 788 1425 omitterentur,
826 1344 987 1410 facillime
1016 1344 1089 1410 fieri
1121 1351 1265 1423 poterat.
1325 1344 1503 1408 Librarios

326 1459 432 1537 enim,
463 1463 500 1520 ut
528 1455 735 1533 aliquantum
766 1452 935 1517 scribendi
965 1454 1113 1517 laborem
1137 1453 1202 1517 sibi
1227 1453 1392 1532 levarent,
1418 1469 1503 1515 nou-

324 1582 491 1643 nunquam
515 1561 692 1641 ephymnia
716 1568 794 1640 post
817 1561 974 1638 strophas
991 1561 1164 1638 exscripta
1175 1567 1253 1638 post
1268 1559 1503 1636 antistrophas

325 1668 509 1748 repetenda
533 1687 607 1733 esse
637 1668 745 1746 signis
776 1666 971 1746 quibusdam
1003 1666 1229 1731 tantummodo
1255 1665 1503 1746 significavisse

325 1795 387 1856 per
415 1795 451 1842 se
483 1784 741 1839 consentaneum
770 1781 840 1855 est,
874 1773 907 1838 id
941 1772 1028 1852 quod
1056 1793 1118 1838 nos
1150 1791 1280 1852 qnoque
1305 1782 1340 1839 et
1363 1774 1397 1836 in
1423 1791 1503 1851 poe-

328 1885 428 1949 matis
464 1889 498 1946 et
533 1882 567 1946 in
603 1881 709 1944 modis
743 1881 878 1945 musicis
906 1889 973 1945 tam
998 1880 1185 1945 scribendis
1208 1899 1304 1959 quam
1329 1879 1421 1960 typis
1447 1899 1503 1943 cx-

328 1990 510 2072 primendis
534 1989 645 2052 facere
670 1987 826 2052 solemus.
873 1987 973 2052 Tales
997 1995 1106 2052 autem
1138 1995 1235 2052 notas
1266 1988 1300 2051 in
1330 1986 1504 2051 codicibus

328 2098 429 2162 facile
455 2094 610 2159 excidere
635 2103 826 2174 potuerunt,
852 2101 886 2159 et
911 2094 1105 2158 exciderunt
1129 2110 1238 2176 saepe,
1263 2103 1300 2159 ut
1317 2094 1503 2174 exemplum

330 2205 428 2268 docet
450 2203 746 2289 paragraphorum,
772 2203 892 2280 quibus
926 2217 1142 2281 personarum
1180 2202 1271 2268 vices
1300 2201 1503 2267 indicantur.

439 2309 503 2374 Sed
529 2310 720 2389 priusquam
756 2309 833 2373 illos
873 2309 1021 2373 homines
1058 2308 1175 2374 doctos
1211 2327 1404 2389 sequamur,
1422 2328 1504 2372 uno-

331 2434 461 2497 quoque
485 2416 559 2480 loco
586 2415 807 2494 quaerendum
825 2417 923 2480 nobis
940 2424 1002 2497 est,
1020 2417 1157 2498 numid,
1180 2418 1213 2480 in
1231 2435 1294 2494 quo
1311 2418 1503 2490 haeserunt,

330 2543 367 2590 re
391 2541 472 2589 vera
508 2523 668 2603 praebeat
704 2523 926 2604 ostensionem,
960 2541 1044 2602 quae
1079 2542 1145 2587 non
1173 2525 1240 2587 alio
1266 2523 1360 2587 modo
1384 2524 1504 2590 verisi-

331 2631 443 2695 milius
472 2629 620 2693 amoveri
648 2630 759 2708 possit
769 2649 777 2714 3
808 2631 1021 2697 vehementer
1052 2638 1176 2711 antem,
1202 2629 1287 2708 quod
1316 2631 1425 2706 magni
1453 2638 1505 2694 est

332 2738 501 2817 momenti,
527 2754 712 2818 caveamus,
736 2755 777 2801 ne
801 2736 889 2801 forte
915 2737 992 2815 qnid
1018 2737 1107 2801 obsit
1130 2738 1342 2802 restitutioni
1371 2738 1506 2816 ephym-

332 2846 463 2909 niorum
488 2861 580 2907 mera
603 2842 709 2907 forma
733 2845 883 2922 quamvis
908 2844 1165 2908 commendatae.

440 2953 489 3014 Ac
513 2952 654 3028 primum
688 2951 925 3029 aggrediamur
955 2950 996 3014 ad
1021 2951 1213 3030 Supplicum
1238 2950 1407 3028 parodum.
1455 2951 1507 3015 Ea

334 3057 491 3122 similiter
527 3065 627 3136 atque
653 3058 907 3137 Agamemnonis
943 3066 976 3122 et
1007 3059 1184 3122 Persarum
1208 3058 1352 3136 parodus
1377 3059 1506 3123 intres

335 3164 501 3229 dividitur
526 3172 650 3245 partes
676 3166 891 3242 anapaestica
914 3173 1107 3246 systemata,
1133 3165 1276 3243 quinque
1294 3166 1506 3243 stropharum

334 3271 430 3350 paria
465 3272 651 3352 ephymniis
688 3272 848 3351 carentia,
886 3290 1023 3349 quorum
1059 3280 1199 3337 metrum
1229 3291 1246 3336 e
1271 3271 1446 3352 dactylicis
1474 3281 1506 3337 et

333 3379 487 3442 iambicis
515 3377 763 3456 trochaicisque
792 3378 965 3442 ordinibus
994 3386 1046 3442 est
1069 3381 1286 3457 compositum
1312 3379 1506 3457 praevalen·

335 3486 426 3549 tibns
450 3493 560 3549 tamen
584 3484 687 3548 multo
718 3485 909 3566 dactylicis
933 3486 1016 3566 tria,
1041 3505 1179 3564 quorum
1204 3494 1345 3550 metrum
1368 3487 1505 3551 reiectis

337 3593 434 3670 plane
471 3590 616 3672 dactylis
654 3598 705 3656 est
737 3593 914 3658 iambicum
951 3600 1010 3657 aut
1044 3594 1252 3658 trochaicum
1285 3591 1354 3674 (vel
1385 3593 1505 3656 iambo-

338 3699 597 3762 choriambicnm
634 3700 721 3775 cet).
769 3699 871 3764 Cuius
907 3701 1029 3764 tertiae
1067 3701 1174 3778 partis
1204 3701 1401 3778 compositio
1425 3699 1506 3764 haec

338 3812 398 3884 est,
423 3813 461 3868 ut
485 3803 548 3868 dno
573 3806 689 3883 priora
713 3803 942 3884 stropharum
950 3807 1043 3884 paria
1068 3808 1255 3886 ephymniis
1284 3807 1352 3870 sint
1381 3814 1506 3886 ornata,

338 3913 427 3977 inter
459 3913 593 3976 tertiam
631 3921 740 3978 autem
777 3915 947 3992 stropham
984 3921 1018 3977 et
1053 3915 1292 3992 antistropham
1323 3913 1505 3990 complures

338 4037 456 4085 versus
493 4021 564 4083 sine
600 4021 845 4098 antistrophica
888 4021 1105 4100 responsione
1147 4021 1313 4100 legantur.
1373 4019 1506 4085 'lhadita

339 4125 447 4202 igitur
471 4124 577 4190 forma
601 4128 683 4190 hacc
707 4136 776 4194 est:
