3130 5206
573 357 790 466 ⁴‚pp-2

521 595 587 662 Str.
613 616 634 658 u
669 608 672 613 ·

524 745 526 750 ,
574 705 659 784 Eph.
684 724 705 766 α

520 814 598 877 Ant.
624 831 645 873 u

573 919 659 996 Eph.
684 938 705 980 u

519 1026 632 1106 stup
680 1019 682 1022 ’

571 1133 701 1213 prp

414 1283 416 1287 -
517 1242 642 1320 Antp

570 1347 702 1427 pr.p

516 1473 625 1552 Stry

569 1579 590 1642 ὅ

515 1690 594 1756 Ant.
619 1707 655 1766 uc>

194 1848 276 1912 Eam
301 1849 356 1912 hic
380 1849 477 1914 valde
494 1850 611 1913 miram
628 1867 701 1912 esse
718 1866 812 1912 nemo
833 1849 982 1928 negabit.
1019 1849 1101 1914 Nam
1117 1849 1260 1928 primum

80 1955 118 2018 in
142 1956 316 2034 tripartito
351 1965 419 2021 tam
455 1957 631 2036 perspicua
667 1957 812 2021 carmine
848 1964 1080 2034 exspectamus
1115 1955 1189 2021 fore
1224 1965 1261 2022 ut

82 2062 200 2126 eadem
236 2065 429 2144 composito,
466 2065 665 2142 praesertim
707 2081 771 2142 qua
811 2064 951 2127 maxime
987 2065 1091 2128 tertia
1126 2082 1205 2142 pars
1241 2084 1261 2129 a

81 2168 229 2234 secunda
254 2169 395 2249 differat,
420 2189 481 2249 per
504 2179 609 2235 totam
633 2171 769 2236 tertiam
794 2178 921 2248 partem
939 2178 1104 2239 servatur.
1131 2171 1266 2236 Deinde

80 2285 214 2355 poetam
247 2277 309 2341 boc
341 2278 415 2342 loco
445 2277 577 2342 minime
606 2278 732 2357 insigni
744 2276 766 2356 ¹)
781 2277 960 2342 nonnullis
984 2278 1138 2343 versibus
1164 2287 1260 2343 extra

79 2384 332 2460 responsionem
369 2385 491 2462 positis
526 2385 763 2464 aequalitatem
793 2389 985 2449 structurae
1015 2402 1153 2462 prorsus
1186 2386 1257 2450 vio-

81 2491 207 2555 lavisse
231 2509 438 2570 uequaquam
464 2491 638 2570 probabile
663 2499 715 2556 est
738 2509 845 2570 neque
870 2491 939 2555 ullo
957 2492 1107 2569 exemplo
1124 2491 1259 2558 videtur

80 2597 282 2662 confirmari.
317 2598 436 2678 Itaque
460 2598 500 2663 ad
525 2598 767 2664 restituendam
782 2599 1033 2676 responsionem
1050 2598 1116 2662 iam
1134 2598 1258 2664 Canter

1 2683 11 2699 ’
80 2723 153 2768 eam
184 2714 329 2785 partem,
355 2725 450 2785 quam
482 2724 542 2785 per
566 2706 586 2767 δ
608 2705 887 2786 significavimus,
912 2713 989 2783 post
1012 2707 1255 2783 antistropham

78 2812 217 2876 tertiam
254 2813 402 2894 iteravit,
439 2814 536 2893 eique
571 2831 676 2891 paene
713 2831 825 2878 omncs
854 2813 982 2889 posteri
1007 2811 1154 2876 editores
1179 2819 1256 2877 sunt

79 2913 227 2998 assensi;
256 2919 458 3002 rectissime,
491 2927 529 2984 ut
553 2921 682 2999 opinor.
729 2920 810 2998 Nam
835 2919 876 2983 ad
901 2907 1031 2984 sensum
1058 2938 1123 2982 non
1147 2920 1260 2984 minus

78 3026 327 3091 accommodate
367 3027 528 3092 accedunt
567 3027 606 3092 ad
658 3026 900 3104 antistropham
950 3026 1087 3091 tertiam
1137 3044 1255 3092 versus

81 3139 256 3198 168--173
280 3142 357 3212 post
384 3140 444 3199 181
469 3135 607 3213 repetiti
633 3154 728 3213 quam
746 3133 923 3214 epbymnia
948 3133 1072 3198 ceteris
1098 3133 1253 3198 carminis

76 3240 162 3306 locis
175 3241 217 3305 ad
245 3243 349 3306 verba
377 3241 621 3320 praecedentia.
658 3241 730 3322 Qua
747 3241 786 3305 de
802 3259 840 3304 re
857 3241 1048 3304 accuratius
1071 3239 1252 3306 videamus.

76 3349 191 3412 Prima
227 3350 363 3427 stropha
399 3349 567 3413 Danaides
602 3365 676 3412 sese
705 3349 796 3426 ipsas
826 3346 983 3412 canendis
1007 3346 1131 3411 talibus
1155 3347 1252 3411 malis

77 3456 205 3533 (qualia
241 3463 340 3520 antea
365 3451 573 3540 cecinerunt)
610 3457 788 3520 etiamnum
813 3454 909 3520 vivas
933 3453 1030 3532 quasi
1053 3453 1251 3532 lugubribus

78 3563 375 3628 lamentationibus
401 3557 573 3627 celebrare
599 3562 729 3640 dicunt;
752 3560 973 3640 antistropha,
999 3577 1083 3638 quae
1101 3579 1121 3623 a
1137 3560 1250 3643 simili,

77 3676 115 3733 ut
138 3668 284 3751 videtur,
320 3670 488 3734 sententia
522 3665 687 3751 incipiet),
722 3668 841 3733 anxiae
878 3674 955 3731 suut
984 3685 1123 3745 quonam
1149 3685 1250 3731 causa

76 3794 137 3840 sua
161 3777 207 3841 sit
231 3794 382 3842 evasura.
429 3777 572 3856 Utrique
597 3775 805 3857 ephymnium
831 3773 978 3838 additum
1004 3780 1057 3837 est
1079 3773 1154 3838 boc:

99 3934 103 3938 ·
110 3935 121 3939 -
129 3934 286 3942 ----—-—..-

182 4022 209 4093 1)
229 4025 270 4080 Ea
289 4026 325 4079 de
344 4042 429 4080 causa
447 4026 530 4080 locus
559 4023 688 4094 Choeph.
715 4023 857 4078 son-807
886 4023 1043 4092 comparari
1062 4040 1121 4077 non
1139 4026 1248 4092 potest,

74 4115 111 4167 de
131 4131 185 4183 quo
205 4115 273 4170 vide
291 4111 414 4184 p.48⁸q.

160 4201 209 4272 ,2)
228 4203 293 4258 Duo
312 4205 396 4272 primi
424 4221 524 4260 versus
553 4205 681 4274 corrupti
702 4208 781 4266 sunt3
800 4203 934 4256 utillum
954 4219 1068 4255 sensum
1088 4201 1130 4256 eis
1149 4202 1246 4255 inesse

74 4293 241 4361 existimem,
261 4293 389 4348 adducor
408 4292 529 4348 vocibus
549 4281 652 4363 ἐναγέα
672 4291 750 4346 τέλεα
769 4296 798 4345 et
826 4286 949 4349 θάνατος
977 4276 1042 4364 ungi.
1072 4277 1131 4363 ἐπῇ
1160 4290 1245 4360 enim,

73 4399 131 4436 non
152 4377 205 4457 ὅπῃ
225 4383 254 4435 in
271 4370 431 4452 archetypo
451 4382 541 4438 fuisse
561 4381 732 4436 scholiastes
752 4385 883 4436 testatur.
