3130 5206
103 575 166 641 Sed
191 576 464 655 proficiscendum
494 583 546 640 est
577 595 597 640 a
620 576 745 656 metris
770 594 854 655 quae
885 576 1011 640 clarius
1034 594 1129 654 quam
1155 576 1277 642 factum

22 739 23 749 ,
103 692 154 748 est
178 684 275 748 binas
298 690 411 761 partes
442 683 633 762 significare
664 701 729 746 non
763 690 965 767 potuerunt3
990 701 1028 746 ac
1052 683 1186 748 videtur
1215 684 1277 748 tali

22 831 23 882 1
103 791 345 871 compositione
379 797 479 868 poeta
511 809 590 855 usus
622 808 713 870 esse,
737 798 774 854 nt
803 808 934 868 semper
957 797 1104 870 systema
1128 790 1277 854 melicano

102 906 244 978 11111111,-
267 897 387 961 melica
425 915 503 976 pars
540 903 687 977 systema
719 898 902 974 exciperet.
949 897 1059 977 Quare
1085 898 1146 961 hoc
1171 898 1276 974 ipsum
1345 913 1348 920 ’

21 1067 22 1086 ,
104 1005 157 1068 hic
182 1004 266 1068 addo
297 1013 451 1087 „nostrum
486 1005 696 1084 ophymninm
732 1024 751 1068 a
788 1005 923 1082 ceteris,
953 1022 1036 1082 qnae
1061 1003 1168 1067 adhuc
1192 1004 1277 1082 apud

21 1141 22 1174 1
104 1113 305 1192 Aeschylum
343 1113 539 1192 invenimus
574 1130 612 1174 co
648 1110 781 1196 differre
817 1109 903 1192 quod
935 1119 1050 1192 aperte
1086 1129 1127 1175 ex
1151 1111 1278 1175 duabus

21 1269 22 1279 ,
104 1220 257 1297 partibus
282 1226 424 1300 constat,
449 1220 623 1297 alteraque
647 1221 720 1284 eins
745 1237 823 1297 pars
847 1219 1072 1299 anapaestico,
1101 1237 1164 1282 non
1189 1237 1278 1282 mere
1361 1208 1364 1216 ’

104 1327 222 1391 melica
246 1334 307 1390 est.
1356 1315 1359 1338 ¹

210 1435 329 1499 Restat
361 1441 396 1498 ut
427 1453 565 1512 agamus
595 1434 634 1498 de
666 1434 773 1498 altero
804 1433 973 1513 tertioque
1008 1434 1277 1512 Ohoeohorornm

104 1543 264 1622 stasimis
296 1561 381 1620 quae
412 1542 506 1606 inter¹
535 1541 789 1619 corruptissima
820 1542 981 1622 Aeschyli
1014 1542 1162 1606 carmina
1190 1547 1277 1606 sunt.

104 1650 250 1730 Quorum
275 1649 357 1713 illud
384 1651 423 1727 (v.
443 1655 505 1714 779
521 1645 606 1732 sqq.)
631 1650 716 1713 hanc
741 1649 878 1714 formam
903 1649 1059 1727 praebet:

585 1775 650 1840 scr.
677 1792 697 1834 α

613 1977 616 1980 ¹
673 1884 695 1960 β

530 1991 744 2086 ..Q

584 2097 649 2161 Str.
685 2117 702 2174 γ
727 2087 728 2092 “

681 2203 701 2265 ὃ

585 2313 660 2376 Ant.
686 2330 704 2389 y

584 2419 650 2483 scr.
688 2437 703 2478 ε

584 2633 661 2697 Ant.
687 2526 712 2696 ἔ,
759 2676 765 2696 «

102 2761 213 2836 Atque
239 2759 399 2822 hocloco
425 2759 618 2823 defensores
643 2758 813 2850 ephyninii
837 2778 875 2822 eo
901 2758 1099 2837 procedunt,
1125 2767 1162 2822 nt
1184 2759 1277 2822 nullo

101 2865 232 2929 omnino
270 2865 340 2928 eins
376 2866 424 2930 rei
462 2849 608 2944 vestigio
645 2865 771 2930 tradito
796 2873 905 2930 tamen
931 2865 1176 2946 111111β,δ,ζ
1201 2873 1278 2944 post

101 2972 665 3052 11111111111111111111111.
713 2973 762 3036 'De
796 2992 859 3051 quo
892 2972 970 3051 quid
1003 2972 1200 3036 censendum
1233 2973 1278 3036 sit

102 3077 285 3144 videamus.
1016 3099 1017 3102 ’

209 3186 413 3252 Invocantnr
448 3188 511 3251 hoc
551 3187 697 3252 carmine
734 3184 800 3267 dci,
835 3194 870 3251 ut
907 3188 1059 3251 Orestem
1102 3187 1135 3250 in
1176 3187 1276 3252 caede

100 3294 220 3358 matris
256 3303 290 3359 et
326 3295 480 3372 Aegisthi
518 3295 721 3373 perficienda
756 3277 936 3376 adiuvent·¹
968 3294 1104 3372 ipseque
1138 3295 1276 3358 Orestes

100 3401 222 3465 absens
258 3410 419 3482 monetur,
458 3401 494 3466 u't
525 3389 871 3476 fortiter'consiiiuni
912 3399 1125 3480 exsequatur.
1187 3403 1276 3466 Haec

99 3516 211 3572 antem
237 3509 368 3574 Orestis
393 3508 583 3573 adhortatio
608 3509 727 3586 incipit
750 3529 769 3572 a
794 3518 890 3587 parte
915 3511 932 3584 ζ
958 3507 1093 3592 (1823)

404 3608 442 3677 σύ
467 3612 501 3676 δὲ
525 3617 668 3697 θαρσῶν,
692 3607 771 3676 ὅταν
795 3607 854 3701 ἥκρ

404 3725 501 3803 μέρος
525 3717 636 3804 ἔργων,
661 3715 806 3792 ἐπαΰσας
842 3745 846 3753 ·

405 3823 531 3910 naseos
555 3825 646 3911 ἔργῳ,
669 3825 816 3912 θροούσᾳ

405 3928 488 4017 πρὸς
511 3933 546 3997 σὲ
569 3939 686 3997 τέκνον
710 3930 834 4017 πατρὸς
857 3929 972 4019 αὐδάν,

405 4042 460 4134 xci
485 4045 654 4124 περαίνων
677 4040 870 4128 ἐπίμομᾳρν
893 4040 987 4108 ἄταν.
1089 4031 1093 4038 ’

100 4149 153 4212 Ex
179 4150 265 4213 mala
289 4151 404 4215 horum
437 4143 594 4215 11111111
626 4139 829 4215 'condicione
861 4161 970 4216 tamen
997 4153 1148 4232 plerique
1173 4156 1276 4217 inter·

99 4264 215 4334 protes
249 4258 335 4320 hunc
370 4257 440 4320 iore
476 4276 606 4322 sensum
644 4268 888 4338 cognoverunt:
925 4262 974 4324 Tu
1003 4278 1083 4325 vero
1109 4263 1275 4325 constanti

99 4363 220 4444 animo,
256 4363 385 4444 quando
422 4365 554 4431 venerit
578 4364 720 4438 officium
744 4373 846 4448 tuum,
871 4368 969 4445 matri
993 4377 1027 4433 te
1051 4387 1171 4449 magna
1195 4386 1276 4435 voce
