3130 5206
35 515 37 540 l

35 553 37 578 l

569 371 781 432 „43-

35 579 37 592 ⁸
86 563 250 628 videntur.
298 564 472 642 Propriam
498 564 563 630 vim
590 565 769 645 ephymnii‚
802 567 857 630 ubi
890 565 1050 630 traditum
1068 574 1145 645 est,
1178 567 1261 630 bene

32 717 35 896 l

86 669 214 736 servari
237 689 338 747 supra
368 670 511 735 vidimus
536 666 581 752 (p.
598 670 664 752 37).
713 671 806 753 Quod
832 671 938 737 minus
963 673 1021 737 fiat
1045 675 1152 750 prime
1186 673 1260 736 loco

86 778 263 857 tertioque,
304 797 375 841 cunr
399 784 451 861 ¹et
490 777 635 842 Helenae
680 781 949 844 commemoratio
994 789 1028 845 et
1078 778 1262 858 sepeliendi

87 883 209 948 domiui
246 903 327 948 eura
360 885 465 963 magis
502 885 541 949 ad
578 886 712 964 singula
745 887 915 964 pertineat
951 905 1046 964 quam
1071 885 1112 950 ad
1137 903 1260 950 merum

86 979 265 1072 planetum,
291 1010 375 1070 quae
400 1000 452 1056 est
476 1011 601 1056 summa
624 993 731 1056 totius
755 994 923 1057 carminis,
959 994 1072 1071 Neque
1095 993 1181 1071 qued
1199 1012 1263 1056 vox

86 1089 238 1180 ἅληθσίᾳ,
275 1117 359 1178 quae
396 1101 430 1162 in
468 1099 583 1164 ultimo
621 1119 719 1166 versu
758 1101 895 1178 repetiti
933 1101 1101 1180 ephymnii
1140 1108 1262 1179 exstet,

86 1222 184 1271 versu
210 1206 399 1284 insequenti
424 1213 589 1287 recurrat,
615 1207 748 1286 placere
773 1208 899 1284 possit3
924 1227 997 1271 nam
1023 1227 1094 1270 cum
1128 1226 1157 1272 v.
1179 1210 1263 1270 1524

87 1312 285 1378 adiectivum
310 1305 417 1381 δόλιος
441 1331 458 1376 e
482 1331 583 1378 versu
620 1314 716 1378 unius
749 1332 868 1379 versus
892 1314 1071 1380 intervallo
1096 1321 1263 1393 separato,

88 1425 172 1484 1520
198 1415 254 1502 (cf.
279 1438 311 1496 p.
330 1419 501 1504 59‚auu.)‚
536 1421 659 1485 resumi
697 1439 717 1484 a
757 1420 1000 1502 Clytaemestra
1032 1420 1071 1485 de
1097 1420 1263 1485 industria

88 1535 185 1604 poeta
220 1525 351 1608 fecerit,
389 1534 425 1591 ut
459 1528 579 1606 regina
613 1526 654 1592 ad
688 1527 814 1592 crimen
839 1525 935 1611 δολίῳ
959 1521 1049 1610 μόρῳ
1075 1527 1263 1605 clopedera·

88 1633 277 1712 sponderet,
302 1634 412 1698 simile
437 1634 516 1713 quid
541 1653 613 1698 eum
639 1634 692 1698 hic
717 1635 842 1700 iterata
866 1653 947 1700 voce
959 1627 1103 1716 ἀληθείᾳ
1117 1634 1264 1701 voluisse

87 1741 311 1820 suspicemur;
343 1741 430 1820 quod
465 1760 529 1806 nen
565 1741 612 1806 ita
637 1750 698 1823 est,
730 1742 894 1820 siquidem
920 1742 1096 1807 interduo
1121 1732 1265 1825 α’ληθείᾳ

87 1849 179 1914 nulla
213 1849 302 1913 ratio
338 1848 528 1913 intercedit.
577 1849 727 1928 Denique
764 1850 881 1914 mirum
918 1851 964 1914 sit
1000 1849 1085 1928 qued
1120 1848 1264 1914 secundo

87 1957 160 2020 loco
187 1956 412 2045 ephymnium
432 1964 599 2022 servatum
631 1965 692 2037 est,
717 1956 823 2033 primo
849 1963 883 2020 et
906 1956 1009 2021 tertio
1033 1957 1146 2034 periit.
1182 1956 1264 2020 Nam

88 2062 115 2128 si
139 2063 320 2128 voluerunt
351 2063 483 2127 librarii
515 2082 575 2141 per
607 2062 834 2141 compendium
861 2064 922 2128 hec
947 2081 1077 2143 carmen
1104 2064 1264 2143 scribere,

88 2171 200 2248 potius
236 2171 342 2248 primo
379 2170 453 2234 loco
489 2171 699 2250 ephymnium
737 2170 938 2249 exscriptori
970 2170 1114 2250 luerunt,
1141 2171 1265 2234 ceteris

87 2286 167 2342 nota
191 2277 304 2356 aliqua
328 2277 561 2360 significaturi,
587 2297 682 2356 quam
708 2296 778 2341 eam
804 2278 978 2355 rationem,
1009 2297 1073 2358 qna
1104 2277 1263 2342 traditum

88 2391 149 2465 ast,
175 2385 336 2448 secuturi.
383 2383 447 2448 Sed
471 2384 569 2449 huius
594 2401 724 2462 quoque
749 2385 799 2448 rei
834 2384 1007 2448 Wecklein
1045 2384 1176 2464 (Fleck.
1209 2384 1264 2448 Jh.

88 2491 108 2554 l.
126 2489 162 2574 l.)
188 2509 320 2556 causam
356 2491 476 2555 afferre
512 2491 634 2558 studet.
668 2492 770 2556 Putat
805 2491 890 2555 enim
926 2510 992 2554 nou
1028 2508 1143 2554 errore
1167 2497 1265 2555 notas

86 2599 338 2678 neglegentium
363 2617 437 2663 esse
461 2597 596 2680 lactum,
621 2607 658 2664 ut
683 2599 892 2680 ephymuium
918 2599 970 2662 bis
987 2597 1166 2677 excideret,
1192 2617 1265 2662 cum

86 2723 124 2770 eo
150 2705 237 2786 loeo,
263 2725 326 2784 quo
351 2714 489 2785 propter
514 2724 672 2770 conexum
699 2724 818 2771 sensus
835 2707 952 2770 abesse
970 2725 1035 2770 nen
1054 2704 1171 2785 possit,
1189 2712 1266 2782 post

86 2813 329 2890 antistropham
345 2832 371 2893 γ,
413 2821 582 2879 servatum
623 2814 679 2894 sit,
720 2813 777 2877 sed
817 2831 856 2875 eo
897 2812 983 2892 quod
1023 2810 1063 2876 de
1097 2810 1266 2876 industria

87 2919 235 2984 homines
253 2919 363 2984 critici
380 2919 558 3000 ephymnia
574 2919 615 2983 ad
633 2937 764 2985 sensum
782 2938 847 2984 nen
863 2920 1056 2984 necessaria
1073 2918 1263 2988 eiecisseut

88 3027 216 3090 scholio
252 3026 293 3091 ad
325 3030 382 3092 Ar.
415 3028 498 3092 Rau.
529 3032 661 3093 v.1285
690 3045 769 3092 usus
794 3027 874 3091 hoc:
906 3023 991 3095 τινὲς
1015 3023 1050 3088 δὲ
1074 3023 1130 3086 καὶ
1153 3041 1264 3108 σημει-

89 3135 202 3194 οῦνιαι
225 3127 316 3214 αὐτό,
342 3125 480 3196 ὅτιτῶν
505 3132 696 3216 διορθωτῶι
718 3131 804 3203 τινὲς
828 3133 1001 3215 περιεῖλον
1023 3127 1081 3202 cela
1110 3126 1265 3200 τοιαύτας

17 3295 19 3302 .
89 3236 123 3301 ἐν
145 3247 213 3309 τοῖς
236 3240 350 3319 μέλεσι
373 3243 580 3321 προσθέσεις.
628 3241 690 3305 Sed
716 3241 856 3306 maxime
881 3240 1013 3305 dubium
1038 3248 1100 3321 est,
1130 3259 1204 3304 num
1232 3235 1264 3304 id

90 3349 252 3413 scholium
288 3349 328 3413 ad
364 3357 512 3414 nestram
550 3367 681 3414 causam
718 3347 868 3413 adhiberi
904 3348 1006 3412 liceat
1038 3346 1138 3428 (quod
1163 3359 1265 3425 negat

90 3455 197 3520 locum
232 3463 373 3536 tangens
410 3455 501 3536 Grai,
551 3457 572 3519 l.
597 3456 619 3522 l.
633 3476 664 3535 p.
680 3455 744 3534 68).
803 3455 885 3520 Nam
922 3455 980 3518 illo
1016 3455 1263 3532 Aristophaneo

90 3561 568 3645 placentem-reptantedpcc‚
613 3563 700 3642 quod
732 3563 932 3628 scholiastes
964 3569 1104 3642 spectat,
1130 3560 1265 3626 videtur

90 3670 202 3750 aliqua
217 3671 372 3751 Aeschyli
387 3669 590 3736 cousuetudo
603 3671 741 3736 irrideri
758 3689 843 3749 quae
860 3669 901 3734 ad
918 3670 990 3734 eius
1006 3687 1075 3733 rem
1094 3668 1263 3746 musicam,

91 3797 155 3848 non
180 3796 264 3856 quae
289 3777 330 3841 ad
356 3779 458 3844 verba
474 3785 533 3842 aut
549 3797 680 3842 sensum
697 3777 874 3858 pertineat,
893 3786 927 3842 et
945 3777 1106 3841 scholium
1130 3774 1265 3840 videtur

91 3885 187 3962 plane
212 3885 297 3949 artis
322 3884 468 3949 musicae
492 3902 567 3949 esse
591 3894 691 3964 atque
716 3903 817 3964 agere
837 3883 876 3948 de
901 3883 1038 3948 traditis
1065 3881 1265 3946 instrumen-

91 4000 201 4056 torum
241 3992 342 4072 sonis
383 3998 440 4055 aut
479 3994 541 4057 hoc
579 3999 707 4058 tantum
744 4010 782 4055 ee
824 3990 963 4055 indicari
1000 3987 1265 4070 clarendoniae-

92 4096 303 4178 plnneottpnr
349 4118 421 4163 cum
468 4118 627 4178 nusquam
675 4098 761 4178 apud
797 4098 997 4179 Aeschylum
1027 4095 1264 4174 repperissent,

92 4206 241 4270 homines
277 4205 393 4271 doctos
432 4207 604 4284 putavisse
640 4227 659 4271 a
694 4206 944 4271 correctoribus
980 4223 1053 4270 esse
1086 4203 1263 4268 sublatum.

92 4314 286 4394 Praeterea,
322 4315 350 4378 si
388 4331 501 4384 verum
527 4322 618 4384 esset
648 4312 734 4400 quod
760 4313 933 4381 Wecklein
956 4319 1062 4398 putat,
1087 4309 1265 4396 decedendi
